4350 5934
484 638 547 692 239
852 622 1002 675 401-431.
1015 619 1041 673 S.
1055 617 1180 673 Josnnes
1194 618 1418 701 chrysostomus.
1726 636 1787 693 240

481 807 564 867 libus
579 809 610 866 et
625 806 753 882 posteris
776 801 981 887 celebratnrll.
1013 806 1122 875 ,Pater
1149 806 1219 877 arat,
1236 805 1327 865 refert
1342 806 1405 881 ipse
1421 807 1456 867 de
1473 804 1656 876 sacerd.1,l,
1673 805 1788 865 utrius·

481 916 575 974 paene
589 896 1121 971 omniumepiecoporumetantiquae
1149 912 1207 970 que
1224 893 1300 954 circa
1315 895 1419 955 literas
1435 895 1578 964 studium,
1603 912 1663 954 una
1678 894 1788 953 sollici·

481 983 624 1061 reliquiae
662 984 850 1043 sanctitatis‘
884 985 1034 1043 salutatur
1056 1004 1074 1042 a
1098 1002 1121 1042 s.
1147 983 1230 1055 tudo,
1246 1002 1302 1060 par
1316 984 1497 1045 desiderium
1519 984 1623 1043 iisdem
1646 1000 1682 1043 ex
1697 983 1788 1043 rebus

481 1074 716 1150 Hieronymo
739 1074 759 1132 l.
778 1074 1042 1132 contraJoannem
1057 1073 1121 1131 bie·
1148 1075 1261 1133 natum.
1292 1073 1397 1149 Neque
1427 1074 1506 1133 euim
1538 1074 1634 1133 solum
1659 1090 1727 1131 cum
1751 1072 1789 1131 ad

481 1181 539 1223 ros.
564 1182 593 1223 ιι.
621 1172 670 1226 12.
700 1161 755 1220 Vir
785 1180 856 1221 reru
885 1162 983 1221 omnis
1007 1162 1122 1221 fraudis
1148 1162 1307 1239 magistros
1323 1162 1547 1233 ventilaremus,
1564 1162 1789 1221 sedetiamcurn

481 1251 600 1312 nescius
628 1252 737 1327 pieque
774 1251 913 1311 credulus
951 1250 985 1310 iu
1006 1268 1122 1311 encres
1148 1251 1233 1310 illino
1249 1269 1383 1328 egressos
1398 1252 1555 1311 consilinm
1579 1251 1654 1311 inire
1669 1254 1788 1327 oporte·

482 1341 641 1401 historicos
680 1342 711 1399 et
747 1340 970 1417 chronologicos
1006 1340 1122 1403 incidit.
1149 1342 1204 1411 ret,
1220 1340 1300 1415 quod
1315 1339 1519 1417 praestantius
1534 1340 1614 1400 vitae
1629 1357 1724 1417 genus
1734 1358 1789 1399 no·

482 1431 593 1490 Stilnnr
617 1447 678 1489 non
700 1430 824 1501 curavit,
850 1430 919 1488 binc
943 1428 1033 1489 dictio
1056 1434 1122 1504 ejus
1150 1430 1196 1487 bis
1207 1430 1422 1504 capesendum
1431 1432 1520 1501 esset,
1529 1433 1603 1489 tuuc
1612 1429 1701 1489 etiam
1711 1429 1788 1488 idem

481 1518 1122 1594 humilisatquepedestris,incorutsetsale·
1150 1536 1311 1578 consensus
1333 1519 1523 1594 apparebat‘
1554 1520 1689 1579 Instante
1704 1518 1789 1577 Basi-

481 1610 575 1671 brosa.
593 1606 716 1677 ,Quoad
731 1607 895 1667 doctrinam
904 1610 1124 1679 tameu,censet
1151 1608 1191 1665 lio
1206 1606 1269 1668 foro
1293 1606 1437 1667 valedixit
1460 1608 1676 1683 sanctiorisque
1699 1606 1788 1667 disci·

482 1695 888 1773 Feesler-Jungmann
917 1696 941 1767 I,
968 1706 1041 1765 620,
1072 1696 1121 1755 vir
1150 1696 1249 1771 plinae
1264 1715 1359 1773 genus
1373 1696 1564 1773 inirscoepit
1581 1697 1788 1756 Meletiusdn·

481 1787 558 1846 alius
588 1785 740 1861 reperitur
775 1785 969 1860 antiquorum
992 1788 1122 1861 patrum,
1150 1784 1276 1844 tiochiae
1300 1789 1374 1845 tunc
1398 1786 1553 1862 episcopua
1575 1788 1638 1845 tam
1659 1786 1789 1863 praecel-

482 1875 536 1952 qui
559 1874 699 1951 dogmata
722 1875 867 1933 catholica
887 1873 949 1933 iere
971 1874 1071 1933 omnia
1093 1878 1124 1932 et
1151 1873 1241 1934 lentis
1253 1874 1375 1949 juvenis
1390 1892 1492 1934 curam
1508 1875 1603 1953 gessit
1617 1877 1708 1951 atque
1722 1892 1747 1935 c.
1762 1894 1789 1937 a.

484 1964 656 2024 hodiernam
673 1982 792 2038 quoque
801 1964 947 2022 Ecclesiae
962 1964 1123 2023 catholicae
1152 1972 1214 2025 369
1247 1963 1420 2038 baptizavit.
1461 1964 1573 2023 Exinde
1604 1964 1789 2023 sanctissime

482 2052 670 2128 disciplinam
685 2056 748 2111 tum
764 2052 890 2111 disserte
905 2052 1050 2122 adstruat,
1074 2070 1122 2111 er·
1150 2052 1234 2111 vixit.
1266 2053 1383 2112 bleletio
1405 2053 1439 2112 in
1460 2053 1598 2113 exsilium
1612 2053 1699 2129 pulso
1715 2070 1789 2111 usus

481 2160 563 2201 rores
593 2139 808 2200 haereticorum
832 2140 1030 2200 recentiorum
1059 2143 1123 2199 tam
1150 2136 1788 2223 estmagistrisDiodorotarsensi(cip-206)

480 2231 636 2307 perspicue
652 2230 806 2306 solidaque
828 2230 977 2307 reprobet,
994 2248 1084 2307 quam
1100 2248 1123 2292 s.
1150 2232 1180 2288 et
1196 2230 1335 2302 cartorio,
1353 2230 1406 2306 qui
1422 2250 1482 2290 una
1498 2250 1566 2290 cum
1582 2230 1708 2290 Diodoro
1724 2248 1788 2289 mo-

480 2318 695 2395 Epipbanius.‘
1149 2318 1280 2378 nestoris
1296 2320 1470 2379 antiochena
1495 2319 1625 2379 curabat.
1656 2319 1789 2379 Currite

1150 2406 1311 2483 inpietate
1333 2412 1363 2467 et
1386 2427 1535 2468 sacrarum
1550 2409 1705 2469 literarum
1722 2411 1788 2467 stu-

530 2497 894 2561 131.Jamaccedsmusad
902 2496 1123 2555 lucidissimum
1150 2496 1199 2557 dio
1231 2497 1409 2572 proficerent
1433 2498 1562 2557 Jounnes
1589 2500 1621 2557 et
1648 2498 1787 2567 Basilius,

481 2586 628 2646 Ecclesiae
638 2586 790 2645 orientalis
799 2586 854 2644 hac
863 2585 982 2662 periodo
993 2584 1076 2644 sidus
1085 2586 1123 2643 ad
1150 2586 1284 2661 episcopi
1300 2604 1349 2645 eos
1358 2587 1395 2646 ad
1406 2586 1582 2663 dignitatem
1591 2587 1788 2662 episcopalem

481 2694 505 2738 s.
520 2676 706 2734 Joannem
722 2674 1121 2752 propteraureumeloquen-
1149 2674 1310 2752 provehere
1333 2675 1512 2753 cogitabant.
1535 2676 1663 2735 Basilius
1686 2693 1789 2735 revera

481 2766 542 2823 tiae
556 2764 668 2823 fiumen
688 2765 751 2839 jam
768 2763 841 2822 olim
856 2760 946 2843 (torte
962 2784 980 2822 a
994 2781 1051 2822 sec.
1067 2758 1121 2844 Vl)
1149 2764 1262 2823 electus
1277 2766 1324 2823 est
1338 2764 1371 2823 in
1387 2764 1559 2840 Raphaneae
1573 2765 1606 2822 in
1616 2763 1787 2841 Syriaepis-

482 2854 796 2928 Chrysostomum
818 2852 1009 2929 appellatum.
1025 2853 1122 2911 Natus
1150 2870 1260 2929 copum,
1277 2854 1408 2912 loannes
1430 2872 1500 2913 vero
1522 2856 1623 2913 noster
1645 2872 1715 2929 prae
1730 2852 1787 2912 hu·

481 2947 528 3001 est
542 2942 715 3000 Antiochiae
731 2961 755 3000 a.
768 2951 831 3005 344
848 2936 947 3023 (juxta
956 2941 1030 3000 alios
1044 2936 1121 3023 347)
1149 2942 1277 3001 militate
1298 2943 1370 3019 fuga
1393 2962 1424 3001 ae
1441 2942 1596 3011 subtraxit,
1623 2942 1702 3017 quod
1718 2960 1788 3001 con·

480 3031 657 3108 parentibus
672 3030 824 3090 nobilibus
848 3034 879 3089 et
899 3033 983 3107 patre
999 3029 1122 3089 orbatus
1150 3030 1253 3090 silium
1276 3049 1365 3090 suum
1389 3032 1535 3091 celaverat
1549 3030 1709 3090 Basilium:
1733 3029 1788 3106 qui

482 3120 539 3179 sub
563 3120 629 3195 piae
653 3120 759 3179 matris
782 3120 939 3179 Anthusae
966 3119 1123 3195 disciplina
1149 3122 1305 3196 propterea
1327 3119 1459 3197 graviter
1483 3124 1662 3195 conquestus
1678 3119 1789 3179 Joauni

480 3210 562 3268 omni
577 3208 728 3268 virtutum
736 3227 843 3285 genere
851 3212 968 3267 mature
977 3206 1122 3269 imbutus.
1150 3210 1330 3268 occasionem
1354 3209 1493 3284 praebuit
1515 3207 1662 3268 scribendi
1684 3210 1717 3267 in
1740 3208 1789 3267 sui

480 3300 516 3358 In
532 3298 660 3357 oratoria
674 3300 738 3356 arte
748 3298 924 3374 magistrum
934 3296 1121 3356 habuitcele·
1150 3298 1267 3357 consilii
1299 3300 1517 3357 excusationem
1547 3316 1650 3357 aureos
1681 3316 1730 3357 scr
1754 3298 1789 3357 de

479 3388 563 3446 brem
578 3385 735 3445 Libanium
751 3406 881 3463 paganae
901 3385 1122 3461 superstitionis
1151 3389 1309 3447 sucndolio
1325 3386 1417 3446 libros
1426 3382 1459 3468 ι).
1483 3387 1574 3445 Duxit
1589 3386 1658 3445 dein
1674 3387 1789 3462 aliquot

482 3475 656 3535 collabentis
681 3478 849 3550 patronum,
881 3476 914 3534 in
935 3474 1124 3550 philosophia
1151 3494 1244 3535 anuos
1267 3476 1298 3533 in
1321 3476 1474 3535 montibus
1488 3495 1581 3552 prope
1600 3475 1788 3535 Antiochiam

481 3563 727 3641 Andragatbium.
744 3564 916 3622 Studiorum
926 3564 1038 3623 socium
1053 3581 1123 3622 nac-
1150 3564 1243 3623 vitam
1268 3565 1425 3623 escaticum
1448 3564 1640 3641 rigidamque,
1667 3564 1718 3623 sed
1741 3566 1787 3623 iu·

480 3655 531 3711 tus
556 3659 604 3711 est
625 3651 795 3728 piissimum
816 3654 958 3728 juvenem
981 3652 1123 3711 Basiliam
1151 3652 1244 3713 fracta
1259 3653 1358 3731 rigore
1374 3654 1546 3713 valetudine
1561 3657 1680 3713 coactus
1696 3656 1742 3713 cst
1757 3654 1788 3711 in

483 3741 605 3801 aliunde
629 3760 721 3817 qnam
745 3760 779 3800 ex
804 3741 859 3800 hac
882 3741 1070 3800 nobilissima
1094 3744 1125 3801 et
1151 3742 1256 3801 urbem
1271 3743 1375 3801 redire.
1397 3742 1558 3802 Alleletio
1575 3743 1727 3801 ordinatus
1743 3746 1790 3803 est

483 3828 989 3913 exemplariamicitiavixnorunt).
1002 3831 1122 3899 ,Unum
1152 3852 1176 3891 a.
1204 3842 1263 3895 381
1293 3832 1444 3902 diaconus,
1474 3850 1498 3893 a.
1524 3840 1586 3896 386
1613 3832 1789 3890 eFlaviano

1151 3921 1314 3996 presbyter,
1331 3921 1385 3995 qui
1399 3939 1468 3980 eum
1483 3938 1637 3995 nunquam
1651 3938 1732 3979 saun
1746 3922 1788 3979 la·

523 4043 541 4090 q
559 4040 622 4090 pp„
633 4055 654 4091 ⁸,
668 4038 818 4105 Epqumq
835 4037 908 4089 forte
930 4053 947 4089 a
969 4034 1028 4090 ,uis
1041 4035 1124 4089 dimi,
1151 4012 1213 4068 tere
1230 4009 1344 4069 dimisit
1359 4008 1495 4086 adjutore
1517 4028 1550 4068 eo
1573 4027 1648 4069 usus
1670 4010 1703 4067 iu
1725 4028 1789 4068 nru-

482 4107 931 4178 pulisJoanncetPolybio
952 4107 1124 4162 concinnata

482 4178 522 4246 (iu
536 4179 580 4233 ed.
594 4195 713 4247 operum
722 4177 824 4250 ipsius)
838 4180 931 4249 plura,
945 4195 1019 4247 quae
1031 4180 1124 4249 magis

481 4250 547 4304 ficta
560 4266 647 4320 quam
661 4250 737 4303 facta
750 4250 894 4314 videntur,
914 4250 1124 4320 complectitur.
1152 4251 1227 4305 infra
1252 4270 1280 4307 u.
1303 4259 1356 4307 224
1380 4250 1546 4319 loquemur;
1572 4268 1671 4305 verum
1697 4250 1791 4304 obstat

482 4320 523 4376 cf.
537 4322 572 4374 de
586 4321 648 4391 ipso
661 4320 687 4374 J.
708 4320 866 4376 Gerrais
885 4322 1035 4376 L'histoire
1055 4325 1084 4375 et
1097 4322 1124 4375 lu
1152 4326 1314 4393 temporum
1326 4320 1409 4387 ratio,
1423 4340 1488 4377 cum
1499 4320 1547 4377 hic
1560 4320 1664 4375 obierit
1677 4320 1791 4375 nonnisi

481 4392 527 4446 vie
549 4393 584 4447 de
603 4410 625 4445 s.
645 4392 796 4463 Epiphane
818 4410 885 4448 avec
907 4394 1052 4461 l'Anulyse
1074 4393 1124 4447 des
1152 4411 1175 4447 c.
1189 4411 1214 4447 u.
1228 4400 1288 4451 459.

481 4464 628 4534 Ouvrages
641 4464 675 4517 dc
686 4480 717 4517 ce
727 4463 811 4529 saint,
825 4465 904 4518 Paris
917 4464 1124 4523 17382Ti11e-
1191 4468 1209 4536 ¹)
1224 4464 1298 4529 Quos
1312 4464 1455 4519 edidimus
1467 4466 1584 4535 propter
1599 4480 1698 4518 eorum
1713 4480 1790 4534 prae

480 4538 584 4589 mont
596 4535 629 4598 X,
643 4543 725 4591 484-
734 4540 800 4596 521:
826 4541 877 4592 802
887 4542 947 4596 -9;
967 4536 1124 4590 Bnrden·
1152 4536 1288 4591 stuntiam
1296 4536 1371 4590 inter
1379 4535 1424 4590 SS.
1435 4535 1488 4589 PP.
1500 4552 1585 4605 opera
1596 4537 1699 4591 selectu
1707 4538 1727 4588 t.
1735 4534 1792 4599 XL,

480 4608 677 4673 hewerfitl
698 4610 728 4660 et
739 4606 796 4660 KL.
812 4607 859 4673 lV,
878 4610 932 4664 713
945 4624 996 4668 ss,;
1016 4606 1124 4678 Pspe-
1152 4607 1313 4677 Oenipoute
1340 4612 1408 4665 1879
1440 4611 1469 4661 et
1493 4624 1616 4676 quorum
1641 4607 1792 4661 lectionem

481 4675 664 4733 brochius
684 4677 853 4733 inactisSS.
873 4678 978 4733 mensis
992 4678 1123 4749 Majilll,
1151 4680 1302 4734 sacerdotii
1331 4678 1498 4748 praesertim
1529 4678 1691 4733 candidatis
1720 4694 1792 4731 nuu-

503 4756 558 4806 ‚36
578 4749 631 4815 (ed.
651 4752 771 4803 venetae
794 4754 870 4814 1736,
890 4750 977 4805 etiam
998 4751 1123 4821 Miguc
1152 4768 1237 4819 quarn
1251 4750 1695 4819 satiscommendsreposaumus.
1709 4748 1794 4803 Liber

480 4769 511 4876 F.
525 4820 558 4873 G.
570 4820 641 4876 XLI.
657 4826 822 4884 115-152l;
843 4822 1024 4890 Nirsohlt
1039 4828 1088 4878 1⁵2
1103 4840 1124 4879 s.
1152 4822 1212 4886 Vll,
1233 4820 1284 4889 qui
1304 4820 1372 4876 olim
1384 4821 1500 4875 additus
1512 4821 1576 4886 fuit,
1587 4837 1643 4874 nou
1655 4818 1793 4889 estChry·

519 4893 538 4963 ²)
553 4891 720 4961 Conjiciunt
732 4893 838 4947 eruditi
850 4893 928 4947 hunc
948 4910 1006 4947 esse
1027 4894 1123 4946 Basi-
1151 4892 1277 4955 sostomi,
1292 4893 1340 4947 sed
1354 4910 1375 4946 s.
1388 4892 1551 4961 Ephraemi.
1578 4891 1728 4946 Prodierat
1739 4892 1793 4946 hoo

480 4962 573 5016 lium
586 4962 770 5033 Raphauciae
782 4965 957 5045 episcopum,
971 4964 1022 5034 qui
1037 4964 1123 5018 inter·
1151 4966 1322 5035 opusculum
1335 4982 1394 5017 cur.
1408 4964 1481 5018 Ben
1489 4964 1549 5037 gel
1562 4963 1712 5034 Stuttgurt
1726 4966 1758 5019 17
1760 4970 1793 5019 25

479 5034 540 5087 fuit
563 5050 641 5088 conc.
667 5037 979 5108 constantinopolitano
1003 5052 1029 5090 o.
1054 5042 1123 5097 381;
1151 5052 1250 5103 graece
1271 5039 1300 5089 et
1319 5035 1422 5091 latine:
1449 5035 1540 5089 solum
1560 5050 1660 5105 graece
1680 5033 1793 5104 saepius

481 5104 644 5160 Photius
664 5122 731 5159 vero
752 5107 813 5163 cod.
836 5111 886 5164 167
907 5108 1044 5176 opinatur
1057 5124 1123 5162 eum
1151 5100 1365 5177 Lipsia01825;
1391 5108 1459 5163 1887
1468 5127 1474 5165 ;
1500 5124 1559 5161 cur.
1572 5106 1642 5160 Leo
1655 5105 1694 5161 ib.
1709 5112 1794 5165 1834:

480 5175 568 5231 fuisso
582 5177 770 5231 Basiliam
793 5178 1002 5243 seleuciensem,
1015 5179 1051 5231 de
1064 5196 1122 5247 quo
1151 5196 1209 5231 cur.
1224 5180 1252 5233 C.
1267 5177 1414 5233 Seltmaun
1428 5178 1556 5233 Mllnster
1571 5180 1639 5235 1887
1651 5180 1705 5231 eto.
