4350 5934
1121 1905 1181 2002 X.

623 2085 901 2222 Scriptores
929 2081 1253 2196 ecclesiastici
1279 2082 1436 2194 seculi
1461 2082 1676 2220 septimi.

867 2281 977 2377 Pers
999 2280 1128 2400 prior
1150 2284 1442 2396 (sol—636).

1111 2530 1217 2537 —

544 2685 615 2738 310.
631 2675 759 2751 Imperio
777 2692 899 2736 romano
922 2675 955 2735 in
977 2674 1136 2734 Occidente
1163 2675 1391 2735 ministrandam
1406 2675 1571 2751 susceperit
1586 2671 1703 2758 (antea.
1715 2671 1804 2758 471).

491 2765 555 2840 jam
570 2763 691 2839 penitus
714 2763 869 2834 dissoluto,
892 2781 1063 2841 gruseornm
1079 2765 1136 2822 im·
1164 2764 1221 2823 Sed
1235 2765 1332 2842 gratia
1346 2763 1577 2824 divinuufflatus
1592 2767 1678 2824 tanto
1693 2766 1805 2824 exarsit

496 2853 576 2928 perio
590 2853 755 2929 plurimum
770 2853 922 2912 laborante
941 2853 979 2912 ob
999 2853 1135 2929 gentium
1163 2853 1353 2929 perfectionis
1363 2854 1471 2924 studio,
1487 2858 1524 2912 nt
1536 2854 1664 2930 propriis
1674 2854 1802 2930 sumpti-

494 2939 684 3001 barbararum
706 2942 901 3012 incursiones,
918 2942 1050 3002 ebbella
1068 2959 1135 3000 cnm
1162 2942 1220 3001 bus
1243 2961 1294 3000 sex
1316 2941 1514 3002 aedificaverit
1534 2943 1567 3001 iu
1583 2941 1685 3002 Sicilia
1700 2960 1801 3001 monu-

495 3031 592 3090 Persis
617 3030 776 3090 infeliciter
800 3049 885 3107 suepe
913 3034 1004 3108 gestu,
1036 3033 1134 3092 ortum
1163 3031 1261 3102 sterio,
1277 3050 1373 3091 unum
1385 3031 1494 3090 Romae
1509 3031 1542 3091 in
1558 3030 1682 3090 aedibus
1698 3031 1764 3090 suis
1778 3049 1803 3093 s.

494 3121 638 3180 atrocium
653 3117 965 3180 Mohammedunornm
980 3122 1045 3192 ete,
1062 3119 1134 3179 sutis
1162 3119 1298 3180 Andreae
1320 3119 1450 3178 dicatum
1471 3138 1564 3196 prope
1586 3119 1741 3179 basilicam
1763 3137 1802 3177 ss.

494 3207 591 3267 tristis
614 3208 673 3268 suit
698 3209 889 3268 scientiarum
908 3209 946 3280 ¹in
971 3227 1079 3287 genere
1104 3213 1135 3266 at
1162 3205 1804 3291 JoannisetPanliadclirumScuuri(nunc

493 3297 644 3373 speciatim
662 3297 828 3375 theologiae
851 3297 904 3356 hec
926 3297 1048 3372 periodo
1064 3314 1134 3355 con·
1162 3298 1272 3356 montis
1288 3291 1403 3379 coelii),
1422 3298 1454 3355 in
1471 3315 1530 3373 quo
1546 3299 1609 3372 ipse
1624 3297 1718 3356 ritum
1733 3317 1801 3374 pro·

492 3386 575 3445 ditio.
615 3385 696 3445 Duos
727 3389 847 3445 tantum
877 3385 1056 3463 insigniores
1080 3385 1134 3444 hac
1161 3385 1320 3445 fessusest
1342 3381 1475 3468 (interu
1494 3380 1802 3466 573-5'17)m0nu·

491 3475 613 3550 periodo
628 3475 794 3550 reperimns
818 3474 988 3550 scriptores,
1011 3474 1133 3534 ultimos
1162 3476 1265 3534 sticum
1281 3478 1365 3534 tanto
1380 3474 1495 3534 terrore
1510 3477 1542 3534 et
1561 3475 1670 3550 rigore,
1693 3478 1730 3534 nt
1751 3475 1802 3534 de·

492 3563 588 3622 veluti
611 3563 708 3622 radios
731 3563 802 3622 solis
829 3564 866 3622 ad
889 3581 1024 3623 occasum
1048 3559 1133 3646 (sane
1160 3565 1337 3623 trimentum
1352 3563 1803 3640 inferretraletudiniritueque

491 3647 711 3734 transeuntem)
728 3651 879 3728 vergentis
902 3654 934 3710 et
955 3653 987 3710 in
1006 3652 1133 3711 confinio
1161 3652 1326 3728 periculum
1356 3651 1531 3711 incurreret.
1577 3651 1623 3710 Ob
1653 3653 1802 3711 virtutum

492 3740 633 3815 antiquae
655 3742 687 3799 et
708 3739 823 3798 mediae
838 3741 960 3799 astutis:
983 3741 1063 3799 inter
1084 3758 1131 3799 ro-
1160 3741 1347 3816 splendorem
1362 3759 1380 3798 a
1393 3741 1552 3799 Benedicto
1561 3739 1595 3812 L,
1610 3759 1684 3800 rom.
1700 3740 1800 3817 ponti·

491 3847 594 3888 menos
616 3821 802 3910 pontificesl)
825 3829 885 3888 scil.
904 3829 1133 3906 Gregorium
1159 3829 1212 3888 lica
1228 3826 1258 3907 (t
1276 3823 1364 3911 578),
1384 3830 1472 3904 juxta
1493 3829 1566 3888 ulios
1584 3829 1738 3907 aPslaffl'o
1754 3829 1802 3900 11„

490 3917 529 3976 ll.
552 3920 583 3976 et
605 3917 637 3976 in
660 3917 803 3994 Hispania
818 3917 1015 3977 isidorum
1031 3917 1131 3992 hispa-
1159 3918 1272 3977 inritus
1288 3921 1319 3976 et
1337 3918 1487 3977 reluctans
1502 3917 1659 3977 ordinatus
1675 3919 1722 3977 est
1737 3918 1801 3976 dia·

490 4007 613 4068 lensem.
636 4007 805 4084 Gregorius,
822 4026 840 4066 a
854 4009 940 4084 gruta
955 4007 1132 4083 posteritate
1159 4024 1260 4076 conus,
1281 4006 1365 4064 stab
1380 4006 1436 4066 hoc
1450 4009 1573 4082 propter
1587 4008 1654 4082 ejus
1668 4007 1801 4082 pruden-

490 4095 527 4155 ob
544 4095 692 4172 praeclara
714 4096 747 4154 in
769 4096 850 4154 omni
872 4096 974 4155 ordine
994 4097 1079 4171 gesta
1100 4097 1131 4152 et
1158 4095 1232 4154 tium
1255 4098 1287 4153 et
1310 4095 1343 4153 in
1370 4095 1552 4172 gravissimis
1576 4095 1669 4154 rebus
1693 4095 1800 4173 agendi

489 4184 596 4243 merita
611 4185 789 4262 ‚Magnus‘
805 4185 963 4255 salutatus,
989 4181 1131 4242 Gordiani
1158 4183 1366 4242 dexteritatem
1377 4184 1488 4242 missus
1503 4201 1526 4246 c.
1543 4203 1569 4248 u.
1582 4193 1644 4248 580
1655 4184 1800 4243 consun-

492 4273 638 4331 senutorie
663 4275 694 4331 ct
725 4291 747 4334 s.
774 4273 891 4348 Sylvius
915 4273 996 4331 filius
1021 4271 1131 4330 Romae
1157 4272 1314 4348 tinopolim
1339 4270 1377 4329 ud
1401 4271 1552 4330 Tiberium
1583 4274 1656 4348 imp.
1681 4272 1802 4350 legatus

489 4360 729 4436 probabilissime
756 4365 845 4420 nutus
876 4362 922 4420 est
952 4379 975 4420 o.
1006 4380 1031 4422 u.
1059 4358 1305 4439 540.1(a.578):
1326 4379 1386 4436 qua
1400 4361 1558 4431 occasione,
1581 4363 1693 4437 utjam
1709 4379 1802 4438 supra

489 4448 669 4509 Adolescens
685 4450 717 4508 in
731 4449 904 4509 liberalibus
919 4448 1085 4524 disciplinis
1101 4453 1132 4506 et
1143 4446 1145 4497 Ι
1156 4449 1352 4518 narravimus,
1384 4448 1565 4524 Eutychinm
1602 4449 1802 4526 patriarcham

489 4538 678 4614 postmodnm
700 4539 733 4596 in
752 4538 832 4613 juris
849 4538 957 4614 peritia
972 4535 1044 4596 adeo
1060 4555 1130 4611 pro·
1143 4500 1146 4589 i
1158 4536 1235 4595 circa
1259 4555 1414 4611 corporum
1439 4539 1687 4597 resurrectionem
1710 4538 1800 4597 dubi·

488 4627 566 4699 fecit,
583 4631 619 4686 ut
635 4627 781 4686 senatoris
797 4625 889 4686 inerit
905 4625 1052 4703 dignitate
1069 4624 1130 4682 cito
1158 4627 1271 4682 mntem
1302 4625 1339 4683 ab
1369 4643 1468 4684 errore
1498 4626 1656 4685 revocarit.
1696 4627 1800 4686 Redm

489 4721 612 4775 ornatus
629 4719 719 4790 atque
735 4719 907 4791 praeturum
922 4715 1067 4773 urbanam
1077 4712 1129 4772 ud·
1144 4778 1146 4792 Ι
1160 4713 1280 4772 Romam
1298 4708 1376 4795 (584
1392 4713 1441 4770 rel
1458 4709 1536 4796 585)
1560 4717 1674 4774 electus
1688 4719 1738 4775 est
1751 4715 1801 4774 sui

491 4873 648 4880 —-
1144 4814 1147 4873 l
1158 4802 1331 4860 monasterii
1345 4800 1436 4859 abbas
1447 4819 1621 4878 saepequea
1632 4803 1800 4881 PelagioII.

1144 4876 1309 4947 'adhibitus
1333 4890 1366 4949 in
1386 4890 1552 4952 consilinm.
1577 4892 1651 4967 Ejus
1678 4893 1801 4953 nomine

1159 4977 1279 5054 scripsit
1300 4980 1361 5036 tras
1384 4979 1548 5054 praeclaras
1564 4980 1602 5038 ud
1616 4980 1722 5040 Istrlue
1738 4982 1801 5058 epi·

528 4957 547 5024 ¹)
561 4953 638 5008 Inter
659 4953 807 5024 pontifices
826 4954 915 5024 hujus
937 4952 1049 5024 periodi
1070 4922 1147 5021 nul-i

489 5027 549 5080 lum
563 5023 654 5078 alium
674 5025 840 5095 reperimus,
861 5025 912 5094 qui
930 5023 1044 5093 scriptis
1064 5022 1146 5087 emi·¹
1310 5065 1316 5078 .
1429 5067 1435 5078 .
1610 5068 1616 5079 .
1739 5071 1745 5082 .

490 5095 591 5150 cuerit
608 5095 650 5148 De
663 5095 830 5149 Honorio
845 5097 864 5148 l.
878 5094 908 5148 in
923 5095 1054 5164 sequenti
1067 5109 1131 5164 age·
1144 5144 1147 5157 ,
1159 5083 1261 5141 ³⁰⁰P⁰⁸
1271 5067 1412 5141 ⁰9¹⁵*0h9
1426 5085 1460 5125 ¹¹¹
1475 5085 1564 5127 Μ’
1579 5073 1671 5127 mum
1681 5075 1801 5146 alm·

490 5183 553 5220 mus
566 5184 619 5224 aec.
635 5167 695 5231 Vll,
708 5168 798 5237 parre,
1144 5155 1266 5222 plorum,
1300 5157 1336 5212 ut
1365 5173 1414 5214 eos
1443 5155 1591 5215 Ecclesiae
1620 5158 1801 5218 conciliaret
