4350 5934
554 650 615 707 175
937 643 1088 693 are-400.
1102 634 1242 705 Didymus
1255 633 1467 697 alexandrinus.
1800 654 1857 707 175

550 825 742 888 currentibus
757 824 823 885 uliis
843 842 880 885 ex
900 825 1047 885 librorum
1063 824 1191 885 lectione
1218 825 1329 898 subdit,
1346 826 1467 885 oculum
1476 822 1589 885 hebons
1599 840 1724 901 sponsos
1739 822 1859 883 deosn-

550 916 737 995 ccgnoverst,
760 914 904 973 memoris
917 916 949 973 ιι
962 914 1062 975 snimo
1074 917 1191 975 retcxe-
1217 916 1276 975 tico
1286 915 1477 985 centiocrum,
1494 916 1525 973 et
1540 913 1722 985 illalumins,
1739 930 1819 989 qnso
1830 914 1859 971 in

551 1006 611 1078 bot,
636 1007 838 1065 otrentum
862 1004 989 1074 audisse,
1015 1022 1092 1079 quse
1115 1005 1191 1064 lectu
1218 990 1377 1065 condentes
1387 1004 1503 1083 segetes
1511 1002 1768 1063 sublimariJssns
1777 1020 1859 1078 prse-
1939 1005 1940 1091 Ῐ

551 1094 679 1165 morunt,
702 1112 792 1171 quum
813 1092 1009 1170 descripsisse
1030 1111 1066 1152 os
1079 1094 1190 1153 mentis
1218 1094 1306 1170 cepit,
1326 1093 1432 1170 procul
1446 1092 1540 1152 eitius
1556 1092 1703 1164 intuetur,
1726 1095 1761 1151 ιι
1782 1090 1859 1151 enti·

550 1202 621 1245 eusc
636 1182 756 1260 paginis
771 1182 932 1246 rideretur.
963 1180 1012 1240 Ito
1028 1180 1113 1241 brevi
1129 1183 1191 1243 Dec
1218 1200 1312 1259 quum
1327 1182 1415 1242 nobis
1425 1198 1536 1241 morem
1545 1179 1687 1251 reddidit,
1704 1183 1741 1239 ιιι
1756 1180 1859 1241 videus

550 1273 675 1333 docento
690 1271 724 1330 in
737 1271 1031 1332 tsntomdivinsrum
1047 1271 1190 1331 humens-
1216 1276 1340 1333 vocetur
1354 1271 1506 1348 propheti
1539 1270 1624 1330 des-te
1646 1270 1701 1345 qui
1723 1270 1807 1329 hunc
1820 1270 1860 1327 lc-

550 1379 678 1438 romque
695 1378 796 1420 rerum
816 1360 1017 1421 eruditionem
1038 1378 1072 1419 sc
1095 1362 1190 1421 scien·
1218 1362 1304 1439 gerit,
1330 1358 1503 1420 Letinorum
1530 1360 1612 1419 furis
1634 1362 1804 1438 cognomst,
1832 1362 1860 1417 ιι

549 1452 625 1512 tism
649 1449 741 1520 venit,
773 1451 807 1509 ιιι
835 1450 951 1511 scbclse
974 1449 1190 1511 ecciesissticse
1218 1452 1388 1509 contemnet
1402 1449 1525 1520 rivulos,
1550 1466 1618 1509 cum
1640 1448 1775 1525 cooperit
1789 1446 1859 1506 bsu-
1940 1492 1941 1523 ,

550 1540 655 1601 doctor
670 1539 857 1601 exsisteret-.‘
889 1536 975 1597 Ultro
992 1540 1086 1598 seculi
1101 1538 1189 1599 dimi·
1217 1539 1277 1599 rire
1299 1539 1336 1599 de
1357 1538 1500 1599 fontibus.
1538 1536 1701 1614 Imperitos
1725 1554 1858 1599 sermone
1940 1532 1941 1557 ¹

550 1629 644 1699 dium,
660 1627 829 1699 etsiiuicus,
845 1626 977 1687 schoism
985 1628 1065 1687 rexit
1079 1630 1111 1689 et
1122 1648 1189 1689 eru·
1217 1632 1273 1701 est,
1289 1632 1320 1687 et
1336 1626 1368 1707 (f.
1378 1628 1421 1707 ιι)
1437 1645 1498 1687 uon
1507 1626 1646 1687 scientim
1662 1626 1859 1703 apostolicum

551 1716 675 1777 ditionis
691 1716 769 1775 inmu
782 1716 831 1775 vei
843 1715 990 1776 Isidorum
999 1718 1190 1789 Pelusiotom,
1218 1718 1316 1777 sirum
1332 1736 1367 1776 ex
1383 1716 1448 1794 ipso
1464 1734 1599 1775 sermone
1614 1714 1786 1792 exprimens
1801 1718 1857 1773 ism

550 1806 701 1878 Rufinum,
731 1804 898 1865 Psllsdium
928 1806 1051 1867 ottrsxit
1075 1825 1191 1866 necnon
1219 1824 1362 1867 sensuum
1393 1805 1516 1877 lumine,
1548 1824 1638 1881 quum
1668 1804 1859 1882 simplicitete

550 1896 775 1973 Hieronymum,
792 1896 845 1971 qui
859 1896 893 1955 in
906 1896 983 1973 prol.
992 1897 1147 1957 comment.
1157 1894 1191 1955 in
1217 1895 1406 1958 vorborum‘
1423 1894 1541 1954 Prodiit
1549 1894 1673 1954 seorsim
1683 1888 1768 1977 (oum
1777 1910 1858 1952 ιιιιιι-

550 2006 596 2063 op.
612 1985 648 2044 sd
663 1984 770 2060 Ephes.
785 1982 829 2043 its
843 1986 988 2045 testetur:
1013 1985 1138 2063 ,Nuper
1153 1985 1191 2045 ob
1218 1987 1273 2043 ret.
1295 1984 1327 2043 in
1350 2002 1395 2060 ep.
1418 1979 1588 2064 csnouicss)
1611 1982 1749 2043 Coloniae
1778 1992 1853 2045 1531
1941 1980 1942 2043 Τ

550 2076 627 2134 hunc
641 2074 690 2135 vel
705 2074 831 2133 maxime
847 2090 967 2133 csusom
981 2074 1191 2135 Alexandriam
1218 2074 1250 2133 iu
1268 2084 1296 2137 8.
1316 2108 1352 2119 -
1372 2074 1407 2133 L.
1424 2073 1561 2133 odeum
1577 2072 1773 2148 Mcuicioeos,
1799 2071 1858 2130 sive

549 2163 675 2241 pei-rexi,
697 2165 734 2221 ut
755 2162 888 2221 viderem
906 2162 1076 2240 Didymum,
1101 2167 1131 2223 ιι
1153 2162 1191 2223 sb
1217 2164 1313 2239 msJ'cr
1328 2162 1398 2222 libri
1420 2180 1498 2237 pers,
1522 2180 1582 2237 quo
1603 2161 1770 2221 hoereticos
1793 2160 1857 2218 illos

548 2270 585 2313 ιο
606 2252 639 2310 in
654 2250 816 2326 scripturis
831 2251 979 2322 omnibus,
1002 2270 1078 2328 quse
1100 2252 1190 2313 hsbe-
1217 2250 1386 2311 rationibus
1421 2251 1597 2329 aggreditur
1633 2248 1858 2326 metaphysicis:

549 2339 735 2410 tondebis,
751 2340 946 2399 sciscitarer.¹
978 2341 1018 2400 Et
1037 2340 1069 2400 in
1084 2360 1131 2417 ep.
1150 2352 1189 2406 50
1218 2359 1294 2417 quse
1308 2340 1448 2417 deinceps
1458 2343 1628 2416 sequuntur
1642 2339 1673 2397 in
1688 2340 1786 2399 forms
1801 2337 1856 2413 syl·

549 2448 584 2490 se
597 2428 892 2506 eumetiiregorium
906 2448 969 2490 ιιιιι.
985 2430 1018 2489 in
1027 2430 1191 2507 scripturis
1218 2430 1413 2506 logismorum
1428 2426 1601 2488 coincidunt
1622 2445 1689 2487 cum
1712 2428 1761 2499 iis,
1788 2444 1858 2503 quse

550 2518 662 2579 eunctis
687 2516 828 2577 hsbnisse
854 2518 1030 2578 catechistae
1053 2518 1189 2579 offirmst.
1218 2519 1363 2595 leguntur
1376 2518 1409 2579 in
1424 2520 1462 2577 tr.
1478 2526 1579 2577 contro
1596 2516 1792 2594 Manichacus,
1809 2514 1857 2591 qui

552 2607 685 2667 Decessit
705 2624 792 2665 senex
817 2624 840 2667 c.
863 2626 888 2665 s
913 2617 985 2671 395.
1018 2607 1191 2684 Composuit
1218 2606 1856 2685 subnominss.Gregoriinysscircum-

550 2714 642 2772 quom
657 2694 788 2771 plurime
802 2712 900 2771 opere,
918 2696 1057 2757 sedteste
1066 2698 1189 2757 Hiero·
1218 2696 1456 2759 fertur-114.
1472 2699 1504 2757 et
1521 2707 1548 2759 5.
1558 2703 1661 2755 contro
1671 2696 1854 2767 bonomium,

550 2803 662 2863 nymo
678 2783 713 2864 (c.
730 2784 872 2843 Rufinum
894 2785 914 2845 l.
937 2796 964 2847 1.
985 2804 1015 2845 ιι.
1033 2782 1065 2868 6)
1083 2804 1190 2863 ,spem
1218 2786 1271 2861 qui
1301 2785 1358 2845 sub
1389 2804 1412 2848 s.
1436 2785 1579 2845 Basilii
1603 2784 1723 2843 nomine
1749 2782 1856 2860 possim

549 2872 833 2951 tissimusOrigenis
849 2876 1055 2952 propugnotor
1066 2878 1143 2946 ιιι*
1161 2878 1192 2935 ιι
1218 2874 1477 2945 circumferuntur,
1500 2893 1518 2933 ι
1539 2873 1718 2933 nonnsmine
1734 2874 1855 2950 Didymo

550 2960 621 3047 (1.2
641 2982 670 3025 u.
689 2958 743 3044 16)
768 2962 977 3040 ,apertissimo
997 2964 1030 3023 in
1052 2965 1190 3043 Origenis
1217 2963 1557 3040 nostrotribuisuprsp.
1571 2974 1624 3025 151
1637 2958 1855 3023 sidimmsltsi
1943 2959 1944 2997 i

550 3053 628 3114 scits
641 3052 807 3126 conomit‘,
823 3052 1190 3131 hinciiutychiusepisco·
1218 3052 1333 3130 primus
1357 3070 1391 3111 ox
1417 3052 1542 3123 duobus,
1573 3052 1627 3128 qui
1650 3051 1856 3111 inscribuntur

549 3161 608 3219 pus
633 3141 993 3219 constsnstiuopolitsnus
1023 3159 1090 3202 cum
1122 3144 1190 3201 aliis
1218 3149 1318 3203 contro
1343 3142 1527 3217 Apollinarii
1553 3145 1585 3200 ιι
1610 3140 1666 3201 sub
1691 3142 1812 3201 nomine
1835 3154 1855 3195 s.

549 3232 699 3308 episcopis
714 3230 812 3291 medio
830 3248 888 3291 sec
903 3231 952 3290 VI.
975 3231 1009 3289 in
1031 3250 1100 3291 eum
1123 3250 1190 3291 cum
1218 3229 1428 3291 Athenssii
1447 3231 1564 3308 vulgsti
1586 3231 1677 3301 fuere,
1703 3249 1720 3288 s
1745 3231 1855 3289 Drue-

549 3318 603 3381 illo
618 3316 903 3402 mothomsdixitl),
918 3320 1192 3396 quodrcnorsrunt
1219 3320 1308 3379 sske
1330 3319 1457 3396 Didymo
1480 3320 1632 3383 asseritur.
1651 3352 1692 3365 -
1715 3318 1740 3377 Ε
1759 3315 1856 3377 multis

550 3409 659 3487 synodi
683 3409 887 3470 oecumenicos
910 3409 951 3468 VI
981 3412 1013 3469 ιι
1036 3408 1108 3469 VII:
1140 3410 1192 3469 sed
1219 3407 1353 3484 ejusdem
1378 3408 1598 3469 commentsriis
1623 3408 1655 3467 in
1680 3426 1702 3467 s
1728 3407 1855 3483 Scriptu-

551 3500 653 3567 ,seru
667 3498 700 3557 in
709 3497 864 3567 Trinitate,
878 3500 957 3557 toste
971 3498 1191 3575 Hieronymo
1219 3516 1291 3570 rom,
1315 3496 1347 3556 in
1371 3498 1481 3575 quibus
1503 3498 1630 3557 nimium
1646 3500 1781 3557 sociatur
1795 3511 1854 3569 my·

550 3586 571 3646 1.
587 3604 611 3644 c.
627 3586 646 3645 l.
665 3594 683 3647 2
700 3604 729 3645 ιι.
749 3596 798 3661 16,
815 3585 977 3647 catholicus
993 3591 1069 3647 ιιι(
1220 3586 1502 3664 otico-ullegoricum
1536 3586 1674 3664 Origeuis
1712 3585 1854 3661 interpre-

1218 3674 1303 3735 tondi
1314 3676 1443 3748 modum,
1460 3678 1579 3735 exstent
1587 3672 1853 3752 expositioissl’sul·

598 3771 648 3826 92.
671 3762 715 3823 lix
735 3765 802 3840 ojus
824 3762 965 3839 operibus
987 3766 1075 3841 pluro
1096 3766 1191 3843 perie-
1219 3782 1281 3824 mos
1302 3784 1409 3843 megos
1430 3784 1465 3824 ex
1490 3766 1584 3841 porte,
1611 3764 1663 3823 ssd
1687 3761 1854 3842 genuimus

550 3854 638 3923 runt3
655 3852 752 3913 sdhuc
761 3857 940 3930 supersunt:
954 3852 1039 3913 Libri
1048 3856 1093 3914 111
1108 3857 1143 3914 de
1155 3875 1191 3915 ss.
1219 3853 1325 3913 horum
1340 3854 1531 3925 scholiorum,
1556 3870 1633 3930 quse
1648 3853 1684 3913 cl.
1701 3853 1774 3912 Mei
1788 3848 1853 3909 dili·

554 3943 697 4003 iidnitote
721 3963 739 4003 s
762 3942 992 4019 Mingerolli
1022 3945 1132 4019 reperti
1163 3946 1193 4005 ιι
1218 3946 1325 4020 genter
1354 3942 1476 4020 collegit
1500 3942 1655 4018 ediditque
1683 3935 1798 4021 (1854)
1826 3937 1853 3995 in

550 4031 626 4093 editi
641 4032 792 4093 Bononiae
810 4042 893 4095 1769
909 4031 942 4091 iu
956 4030 976 4091 f.
1008 4032 1109 4109 Hujus
1124 4052 1191 4110 pro·
1218 4030 1292 4094 bibl.
1308 4031 1344 4091 N.
1363 4032 1420 4093 PP.
1435 4031 1491 4091 vu
1506 4052 1535 4109 p.
1553 4040 1581 4094 2.
1596 4050 1663 4108 psg.
1686 4036 1849 4095 131-311

550 4120 606 4181 lixi
620 4138 667 4198 op.
683 4121 780 4181 veluti
789 4121 1039 4198 complementum
1054 4125 1101 4181 est
1117 4122 1194 4182 liber
1219 4138 1281 4180 non
1296 4123 1343 4181 est
1358 4139 1452 4196 cupre
1467 4138 1555 4180 omns
1570 4120 1714 4191 dubium
1737 4119 1814 4179 sicut
1827 4116 1854 4172 et

550 4210 786 4288 plunoegrcgius
801 4212 836 4269 de
845 4210 960 4287 Spiritu
975 4230 1009 4286 s,
1025 4212 1112 4288 cujus
1128 4230 1191 4271 ver·
1219 4210 1453 4288 fragmentorum
1476 4210 1507 4267 in
1530 4208 1603 4269 elios
1618 4208 1764 4286 quosdsm
1779 4207 1809 4267 ll.
1824 4203 1853 4262 ι’.

551 4298 595 4358 sio
611 4299 731 4358 tuntum
741 4300 866 4370 exsistit,
882 4300 934 4358 sed
950 4300 987 4359 ab
1002 4298 1070 4376 ipso
1087 4318 1111 4364 s.
1120 4300 1191 4361 Hie·
1219 4298 1259 4371 T,
1285 4295 1443 4381 (Genesim,
1466 4296 1610 4369 Exodum,
1634 4298 1656 4361 l.
1682 4306 1711 4360 2.
1735 4296 1852 4375 Regum.

552 4405 678 4464 ronymo
690 4386 729 4447 ob
738 4386 809 4447 libri
817 4388 1031 4463 praestantium
1040 4390 1192 4449 odornsis.
1219 4388 1239 4447 J
1240 4388 1286 4459 ob,
1310 4382 1480 4467 Proverbiis)
1502 4392 1533 4447 et
1548 4387 1584 4453 N.
1600 4386 1632 4447 r.
1647 4384 1712 4469 (Es.
1729 4406 1752 4447 s.
1768 4384 1852 4445 Josu·

549 4476 628 4536 Num
637 4480 761 4553 rcgstus
775 4476 927 4537 sDumsso
937 4478 970 4537 P.
978 4480 1015 4537 ιιι
1029 4478 1066 4538 de
1077 4478 1192 4555 Spiritu
1219 4476 1275 4549 nis,
1292 4479 1384 4536 Actus
1399 4471 1624 4557 apostolorum),
1640 4494 1717 4553 quse
1731 4495 1767 4535 ex
1782 4470 1852 4533 snti-

549 4584 575 4627 s.
591 4564 741 4638 scriberet,
765 4566 880 4637 meluit,
903 4569 940 4625 ut
955 4566 1018 4643 ipse
1033 4567 1146 4628 fututor
1161 4568 1192 4627 in
1219 4566 1287 4644 quis
1310 4566 1421 4627 cetenis
1445 4564 1569 4625 dierunt
1582 4564 1715 4626 collecto.
1747 4561 1853 4624 certior

550 4656 642 4733 prsef.
652 4674 725 4716 ιιιιι
734 4654 879 4716 versionis
888 4654 979 4716 alieni
989 4658 1087 4732 operis
1098 4656 1191 4717 inter·
1219 4658 1266 4716 est
1290 4654 1437 4716 coemtio
1462 4656 1493 4715 in
1518 4672 1561 4731 ep.
1586 4654 1748 4731 catholicos,
1774 4649 1851 4727 cujus

547 4748 668 4819 protem
680 4743 832 4816 exsistere,
855 4762 946 4821 quum
960 4742 1067 4805 alienis
1089 4764 1122 4805 se
1144 4764 1192 4807 cc·
1219 4744 1384 4805 versionem
1423 4742 1642 4821 Epiphanio
1680 4738 1851 4803 Scholsstioo

550 4832 667 4893 loribus
698 4833 851 4893 sdornnre.
891 4833 1060 4910 ,Didymus
1098 4852 1191 4909 meus,
1219 4832 1411 4893 demsndsvis
1433 4832 1645 4893 Oessiodcrius.
1675 4830 1790 4893 Prodiit
1810 4823 1850 4885 od.

1220 4922 1696 4999 Liickoiuop.01socstionesec
1711 4918 1852 4981 Vindicius

592 5059 609 5113 'i
624 5055 666 5107 Oi.
686 5054 866 5127 Diokcmp
886 5055 938 5110 Die
956 5055 1192 5127 origenistischeu
1220 5012 1416 5089 Didymime
1438 5030 1505 5071 oum
1525 5014 1626 5073 mm
1641 5026 1738 5091 gum
1753 5020 1850 5085 mmm

549 5126 854 5195 eusitigkeitcnimo.
868 5128 1109 5185 histrionicos
1126 5136 1193 5187 1899
1220 5106 1306 5178 perse
1320 5120 1356 5161 0¹
1371 5100 1772 5179 graecisscholiisrsstituu,
1786 5094 1850 5157 θοι

550 5204 693 5267 P·1³1³³·
1219 5190 1321 5270 tingse
1341 5199 1513 5257 1829-32
1537 5208 1588 5267 pp.
1612 5198 1642 5253 4.
1673 5190 1753 5249 lisso
1773 5200 1849 5265 prse-
