4350 5934
657 1493 1031 1594 PROTESTATIO
1065 1495 1344 1597 lucrosis,

433 1854 507 1913 Cum
524 1854 571 1915 SS.
587 1855 620 1913 D.
630 1854 766 1914 Urbanus
783 1856 865 1932 Papa
878 1856 958 1915 VIII.
975 1856 1024 1916 die
1044 1867 1092 1921 13.
1102 1857 1202 1916 Martii
1217 1877 1243 1917 a.
1263 1867 1346 1921 1625
1365 1858 1517 1917 decretum
1533 1859 1661 1918 ediderit

353 1958 481 2037 idemque
497 1961 681 2022 confirmarit
697 1963 725 2023 d.
744 1974 771 2025 5.
787 1963 849 2023 Jul.
866 1982 892 2026 a.
913 1972 1006 2035 1634,
1030 1982 1091 2040 quo
1114 1963 1251 2023 inhibuit
1275 1964 1430 2041 ,imprimi
1455 1966 1549 2025 libros
1565 1966 1659 2026 homi-

352 2086 425 2139 num,
441 2072 495 2146 qui
513 2071 682 2131 sanctitatis
696 2088 750 2130 seu
765 2071 904 2147 martyrii
914 2071 992 2131 fama
1002 2071 1132 2131 celebres
1142 2090 1158 2131 e
1168 2072 1233 2131 vita
1241 2073 1455 2151 migraverunt,
1465 2076 1558 2151 gesta,
1568 2074 1658 2133 mira-

351 2176 411 2234 cula
424 2177 471 2235 vel
486 2178 683 2237 revelationes
700 2196 754 2237 seu
770 2197 965 2254 quaecunque
987 2178 1131 2239 beneficia
1146 2182 1299 2257 tamquam
1316 2198 1420 2239 eornm
1436 2182 1659 2240 intercessioni·

351 2282 401 2341 bus
421 2304 439 2343 a
461 2286 524 2344 Deo
546 2288 666 2362 accepta
689 2284 876 2345 continentes
906 2285 969 2344 sine
991 2285 1194 2363 recognitione
1217 2289 1307 2363 atque
1332 2287 1547 2364 approbatione
1573 2288 1659 2347 Ordi-

351 2390 428 2461 narii‚
444 2395 476 2449 et
492 2410 569 2466 quae
584 2386 728 2452 hactenus
744 2392 809 2451 sine
824 2411 859 2451 ea
874 2393 1020 2468 impressu
1039 2397 1112 2453 sunt
1126 2394 1212 2453 nullo
1227 2395 1315 2453 modo
1331 2395 1398 2453 vult
1420 2394 1533 2454 censeri
1550 2414 1656 2472 appro-

350 2495 448 2569 bats‘;
471 2498 554 2557 idem
570 2502 668 2557 autem
686 2498 898 2559 SanctIsaimus
914 2499 942 2558 d.
960 2508 989 2562 5.
1005 2500 1076 2559 Jun.
1093 2520 1119 2559 a.
1140 2510 1219 2563 1631
1246 2500 1290 2559 ita
1304 2500 1491 2576 explicuerit,
1517 2502 1553 2559 nt
1567 2500 1658 2560 nimi·

350 2624 410 2664 rum
426 2624 512 2675 ,non
527 2604 725 2665 admittantur
739 2606 837 2684 elogia
853 2605 956 2666 Sancti
971 2608 1019 2666 vel
1035 2608 1119 2667 Beati
1135 2607 1280 2680 absolute,
1296 2611 1328 2667 et
1343 2628 1419 2684 quae
1436 2608 1550 2668 cadunt
1565 2627 1656 2684 super

349 2732 510 2788 personam,
527 2714 603 2773 bene
617 2715 717 2773 umen
733 2733 774 2787 aa,
791 2734 867 2791 quae
884 2714 996 2774 cadunt
1011 2733 1102 2792 super
1116 2734 1212 2776 mores
1228 2718 1260 2776 et
1275 2717 1446 2793 opinionem
1465 2719 1657 2793 cumprotea-

349 2820 454 2880 tatione
470 2821 505 2879 in
521 2820 675 2897 principio,
699 2820 778 2897 quod
801 2821 839 2879 iis
860 2822 946 2881 nulla
969 2822 1048 2881 adsit
1070 2823 1233 2882 auotoritas
1249 2824 1286 2883 ab
1302 2824 1435 2884 Ecclesia
1459 2843 1589 2896 romana,
1606 2824 1658 2884 aed

348 2924 415 2985 fidas
429 2928 553 2985 tantum
564 2926 604 2985 sit
619 2927 699 3004 apud
714 2928 895 2987 auctorem.‘
913 2928 991 2987 Huic
1007 2928 1124 2989 decreto
1140 2930 1265 3006 ejusque
1280 2931 1498 2991 confirmationi
1513 2933 1544 2990 et
1559 2931 1657 2991 decla-

347 3034 448 3093 rationi
465 3034 656 3095 observanIIa
671 3054 705 3094 ac
719 3036 886 3095 reverentia
901 3056 961 3113 qna
975 3056 1031 3113 pur
1046 3039 1094 3095 est
1101 3037 1277 3110 insistendo,
1288 3037 1430 3116 profiteor
1439 3058 1487 3098 me
1503 3039 1583 3097 haud
1598 3039 1657 3099 ulio

348 3156 431 3201 sensu
445 3141 596 3219 quidquid
612 3142 644 3202 in
660 3144 714 3203 hoc
729 3143 955 3203 Nomenolatore
976 3143 1073 3203 refero
1099 3143 1231 3220 accipere
1254 3147 1285 3204 et
1307 3144 1400 3221 accipi
1421 3144 1459 3204 ab
1482 3146 1546 3204 ullo
1569 3146 1655 3216 velle,

346 3264 428 3321 quam
444 3267 508 3327 quo
523 3268 559 3309 ea
582 3250 687 3319 solent,
711 3268 788 3327 quae
812 3250 941 3309 humana
963 3249 1120 3309 dumtaxat
1142 3251 1330 3324 auctoritate,
1352 3271 1413 3312 non
1433 3261 1533 3311 antem
1556 3252 1657 3311 divina

347 3356 507 3416 catholicae
521 3375 660 3417 romanae
674 3357 824 3417 Ecclesiae
840 3359 894 3417 aut
911 3376 933 3417 s.
944 3356 1029 3416 Sedis
1046 3357 1226 3434 apostolieae
1236 3358 1386 3430 nituntur,
1398 3358 1437 3417 iis
1446 3358 1655 3418 tantummodo

349 3468 483 3542 exceptis,
508 3485 583 3543 qnos
606 3467 708 3526 eadem
731 3486 754 3530 s.
770 3468 858 3527 Sedes
876 3467 1062 3539 Sanctorum,
1085 3467 1247 3526 Beatorum
1270 3472 1323 3527 aut
1339 3468 1505 3545 Martyrum
1522 3468 1656 3545 catalogo

348 3570 545 3650 adscripserit.
