4350 5934
1088 1760 1232 1860 vm.

725 1944 1003 2083 Scriptores
1037 1941 1362 2055 aeclesiastici
1386 1943 1545 2055 seculi
1570 1942 1648 2053 Vl.

807 2262 809 2267 ,
875 2138 985 2239 Pars
1018 2138 1148 2260 prior
1168 2141 1463 2258 (sol—550).

1129 2394 1237 2403 ’.α-..-

567 2548 640 2604 253.
671 2541 769 2599 Aurea
798 2538 964 2615 theologiae
995 2537 1155 2598 catholicae
1183 2537 1358 2597 nationibus
1367 2538 1496 2597 liberum
1511 2540 1542 2597 et
1556 2538 1718 2597 immunem
1727 2538 1825 2597 decla-

511 2634 592 2689 aetas
617 2628 780 2706 praeteriit.
813 2627 909 2718 Priori
940 2627 1030 2703 hujus
1061 2627 1154 2686 seculi
1183 2626 1262 2686 rasit
1287 2620 1353 2708 (23.
1379 2627 1440 2691 Oct.
1466 2623 1555 2709 501).
1596 2625 1711 2686 Novae
1724 2630 1826 2687 nmen

510 2721 594 2795 parte
619 2718 723 2783 nullus
748 2720 899 2794 comparat
929 2716 1068 2793 scriptor,
1100 2715 1154 2792 qui
1182 2716 1327 2775 excitatae
1352 2718 1426 2776 suut
1448 2714 1564 2788 turbae,
1591 2718 1623 2775 et
1647 2716 1825 2776 Anastasius

510 2808 627 2885 maguis
643 2807 791 2867 Ecclesiae
809 2805 947 2884 patribus
971 2808 1003 2865 et
1024 2803 1153 2865 doctori·
1182 2805 1253 2881 imp.
1270 2804 1412 2865 adversus
1427 2805 1598 2883 pontificem
1617 2804 1756 2864 libellum
1778 2805 1824 2863 di-

511 2896 568 2956 bus
591 2896 682 2957 seculi
705 2895 860 2973 praeteriti
875 2894 968 2971 possit
983 2893 1153 2971 comparari.
1182 2894 1321 2972 vulgavit
1335 2894 1525 2954 contumeliis
1541 2898 1572 2954 et
1586 2894 1716 2970 querelis
1732 2894 1825 2953 refer·

511 2986 669 3063 speciatim
685 3003 755 3045 vero
768 2986 801 3045 iu
811 2984 943 3044 Ecclesia
958 2983 1153 3044 orientali
1181 2985 1256 3053 tum,
1281 2984 1331 3042 cui
1353 2983 1400 3043 hic
1423 2986 1553 3043 macuta
1575 2982 1758 3060 apologetico
1775 3002 1824 3042 rs·

510 3075 570 3134 rari
582 3076 644 3150 jam
655 3078 727 3135 sunt
737 3074 904 3150 scriptores,
920 3073 974 3149 qui
984 3072 1152 3133 eruditione
1165 3101 1168 3162 ᾗ
1182 3071 1328 3148 spondere
1342 3070 1498 3132 festinarit
1514 3067 1574 3156 (ep.
1595 3066 1659 3153 10).
1690 3072 1826 3131 Decessit

510 3165 558 3223 rel
572 3163 702 3223 nominis
712 3164 789 3223 lama
800 3162 1003 3223 inclaruerint·
1026 3162 1153 3221 Initium
1181 3161 1301 3237 praesul
1316 3163 1458 3220 strenuus
1473 3161 1593 3224 rc.Ju1.
1603 3169 1677 3224 514.
1700 3160 1743 3219 llx
1757 3162 1823 3237 ejus

510 3252 654 3312 dommus
676 3272 694 3311 a
715 3252 845 3311 romanis
864 3251 1151 3328 pontificibus,
1181 3250 1316 3326 epistolis
1327 3253 1492 3327 supersunt
1500 3252 1618 3309 mutum
1627 3250 1735 3319 dacem,
1748 3267 1824 3325 quas

510 3360 639 3417 quorum
669 3341 763 3417 aliqui
796 3341 901 3400 saltem
932 3340 1034 3399 literas
1064 3340 1152 3417 plane
1181 3357 1249 3398 cum
1262 3339 1339 3410 aliis,
1356 3358 1432 3415 quae
1442 3339 1500 3415 ipsi
1511 3341 1583 3398 suut
1591 3338 1760 3416 inscriptae,
1775 3357 1824 3397 rc·

511 3447 615 3507 grassa
640 3429 807 3489 ediderunt.
849 3430 877 3488 S.
903 3428 1151 3506 Symmachus
1180 3428 1277 3504 peries
1294 3428 1373 3505 apud
1389 3428 1499 3487 Thiel
1514 3446 1559 3506 cp.
1575 3447 1648 3487 rom.
1670 3432 1751 3505 pont„
1771 3446 1823 3506 ge·

511 3511 724 3601 (ses—514),
748 3536 827 3578 uuus
842 3537 877 3577 ex
891 3516 1041 3577 Ecclesiae
1055 3536 1152 3577 roma-
1180 3516 1291 3576 nuinae
1313 3536 1381 3595 pag,
1398 3512 1581 3588 641ᾲ738ς
1600 3516 1729 3595 hligne
1744 3517 1775 3576 P.
1791 3516 1822 3575 L.

510 3625 566 3666 nse
581 3606 719 3677 diaconis,
735 3607 875 3667 suffectus
889 3610 935 3665 est
949 3604 1151 3678 Anastasioll‚
1180 3606 1268 3678 LXII,
1287 3615 1407 3670 40-80
1424 3611 1479 3671 etc.
1495 3607 1626 3682 --Ejus
1641 3608 1776 3683 tempore
1791 3609 1823 3663 ct

511 3695 559 3753 die
584 3704 634 3759 22.
650 3696 725 3756 Nor.
742 3705 815 3765 498,
840 3714 908 3755 mox
929 3714 999 3755 vero
1023 3696 1153 3772 plurima
1165 3725 1167 3736 ·
1181 3696 1333 3755 occasione
1343 3696 1612 3756 controversiarum
1627 3695 1664 3753 de
1678 3696 1745 3771 ipso
1755 3712 1823 3771 pro·

510 3784 589 3844 mala
603 3788 651 3844 sat
660 3788 798 3861 expertus
809 3784 846 3844 ab
856 3786 973 3844 aemulo
983 3785 1152 3857 Laurentio,
1165 3775 1167 3784 ’
1180 3784 1302 3845 dierunt
1308 3784 1485 3844 documenta
1492 3782 1593 3861 spuria
1601 3784 1823 3862 Symmachiaua

510 3874 564 3951 qui
587 3872 704 3934 favente
724 3874 879 3937 Anastasio
901 3875 972 3951 imp.
996 3875 1151 3933 factionem
1182 3867 1479 3955 (symmachiauische
1495 3869 1716 3957 Fulschungsn)
1734 3872 1821 3941 dicta,

510 3964 672 4023 concitavit
681 3981 772 4040 seque
782 3963 916 4039 legitimo
927 3964 1069 4041 opposuit
1078 3981 1152 4040 pon·
1164 3981 1167 4050 p
1180 3963 1312 4021 narratio
1322 3963 1385 4025 scil.
1401 3963 1539 4039 delapsu
1547 3962 1712 4022 Marcellini
1722 3980 1822 4039 papae,

508 4052 590 4115 tifici.
623 4053 785 4112 Schismate
808 4056 963 4129 utcunque
987 4052 1085 4129 sopito
1104 4070 1152 4111 ca-
1180 4053 1246 4111 acta
1270 4050 1376 4129 synodi
1403 4052 1609 4122 sinuessanus,
1635 4049 1823 4112 Constantini

509 4140 632 4200 lumniis
655 4142 691 4201 ab
714 4141 893 4201 &versariis
909 4142 968 4201 fuit
982 4142 1152 4218 impetitus,
1180 4140 1358 4217 baptismus,
1384 4141 1589 4202 Constitutum
1614 4141 1760 4217 Sylrestsi
1783 4158 1822 4201 cc.

508 4230 568 4290 imo
600 4233 632 4289 et
662 4230 858 4302 ,trucnleuter
888 4232 1072 4290 vnlneratus‘
1097 4233 1152 4289 est
1183 4239 1222 4292 20
1247 4233 1396 4301 constans,
1421 4230 1533 4290 Liberti
1555 4234 1650 4307 gesta,
1675 4228 1763 4308 Xysti
1778 4226 1823 4286 ΙΙΙ

509 4317 621 4378 Verum
631 4319 763 4395 synodus
778 4320 984 4379 aTheodorico
995 4322 1153 4379 convocata
1180 4318 1320 4397 purgatio
1335 4322 1400 4389 etc,
1417 4320 1487 4379 stilo
1502 4320 1632 4389 horrido,
1649 4319 1777 4395 implexo
1792 4321 1823 4376 et

509 4407 548 4467 ad
570 4426 689 4468 causam
705 4407 934 4485 dijudicandam,
961 4409 1152 4469 Palmaria
1165 4397 1167 4502 l
1181 4408 1307 4468 obscuro
1324 4409 1496 4484 composita.
1528 4408 1594 4467 Etsi
1620 4408 1730 4485 scripta
1752 4410 1824 4466 sunt

508 4497 716 4574 cognominata
741 4498 788 4557 vel
812 4498 884 4574 quia
905 4498 938 4557 in
962 4499 1026 4557 loco
1050 4498 1153 4557 habita
1165 4505 1167 4538 1
1181 4496 1218 4556 ad
1234 4497 1375 4557 tuendam
1387 4497 1553 4575 Symmachi
1567 4515 1695 4568 causam,
1712 4497 1823 4555 calum-

508 4586 565 4645 iori
589 4586 703 4646 romani
726 4586 763 4645 ad
778 4587 910 4647 Palmam
932 4587 1021 4657 dicto,
1048 4587 1095 4645 vel
1119 4587 1152 4646 in
1165 4541 1167 4688 Ι
1180 4586 1262 4646 uioee
1284 4590 1385 4646 tamen
1406 4607 1441 4646 ea
1463 4586 1642 4646 tribuuntur
1664 4585 1724 4662 ipsi
1739 4586 1821 4661 Sym·

509 4675 586 4733 atrio
602 4694 625 4739 a.
635 4676 717 4734 Patri
730 4674 768 4734 sd
778 4676 913 4735 Palmata
931 4677 1087 4753 appellato,
1105 4676 1151 4735 vel
1165 4707 1167 4722 ι
1179 4676 1291 4747 macho,
1308 4693 1342 4735 ac
1357 4676 1444 4735 siilla
1453 4694 1507 4752 pro
1517 4675 1686 4735 eatinxerit.
1709 4675 1822 4733 Auctor

505 4764 593 4839 juxta
616 4764 732 4840 aliquos
758 4766 829 4841 quia
854 4765 937 4825 illius
970 4764 1062 4824 sessio
1093 4733 1226 4846 tuithst
1248 4765 1335 4840 plane
1358 4784 1524 4842 anonymus
1540 4767 1632 4841 atque
1647 4764 1824 4823 documenta

507 4852 668 4929 praecipua
690 4856 720 4912 et
739 4855 947 4931 peremptoria,
972 4854 1150 4913 sententiam
1164 4857 1167 4944 l
1180 4855 1376 4914 characterem
1398 4874 1479 4915 mere
1503 4855 1654 4931 privatum
1669 4845 1823 4931 habent¹).

510 4940 545 4999 da
559 4942 733 5017 Symmacho
750 4942 806 5003 soli
823 4944 876 5002 Dei
888 4942 1003 5019 judicio
1019 4957 1167 5032 reserva-f
1218 4973 1237 5041 ¹)
1251 4970 1292 5024 cp
1313 4970 1444 5024 (prim
1464 4968 1634 5025 Geoehpchp,
1658 4969 1745 5024 Rom,
1763 4969 1823 5023 ,md

509 5029 563 5103 sit,
579 5032 611 5089 st
626 5030 795 5107 pontificem
811 5033 848 5091 sb
865 5032 1003 5091 omnibus
1020 5031 1151 5091 incrimi-
1164 5047 1167 5090 1
1180 5041 1230 5094 der
1261 5042 1364 5112 Ptpste
1396 5042 1417 5108 I,
1448 5045 1501 5101 718
1532 5059 1576 5107 ss..
1608 5041 1660 5109 qui
1692 5043 1823 5097 accurate
