4350 5934
540 612 602 667 143
790 600 940 652 aso-400.
954 594 1112 667 Scriptores
1125 610 1147 648 c.
1161 595 1238 649 haer.
1252 594 1417 658 Faustinus,
1429 594 1591 659 Sabbatius,
1792 590 1860 666 134

537 780 615 851 bolo,
626 799 714 857 quam
724 780 845 859 Caepari
857 790 939 845 1869
956 782 1097 857 primum,
1108 780 1178 841 dein
1206 780 1420 841 sabellianismi
1429 780 1616 841 accusatione
1624 778 1775 864 tuetnr1).
1798 782 1860 840 Re-

537 870 570 929 in
585 869 666 929 alten
675 868 738 928 und
747 886 846 930 nenen
856 868 990 941 Qnellen,
999 869 1179 931 Christiania
1205 870 1365 948 pariuntur
1390 872 1461 930 haec
1484 870 1631 947 opuscula
1652 870 1730 947 apud
1759 870 1859 929 Gal·

540 968 624 1023 1879
647 980 675 1035 p.
696 967 865 1023 186-195
888 958 991 1030 edidit,
1013 958 1051 1018 ab
1074 958 1176 1019 eodem
1205 959 1314 1020 laudi
1337 958 1402 1030 VII,
1429 968 1591 1030 488-74,
1617 958 1742 1037 Migue
1768 958 1859 1024 xiil

536 1048 680 1107 asseritur
695 1046 839 1117 Lucifero,
862 1067 880 1107 a
901 1047 1049 1127 Krdger¹l
1064 1048 1178 1108 Muse—
1208 1058 1309 1113 31-1
1320 1058 1369 1111 01.
1393 1048 1510 1109 Flornit
1525 1050 1652 1109 exeunte
1668 1064 1724 1107 sec.
1740 1046 1799 1107 IV.

535 1137 599 1197 bio
614 1136 798 1199 vercellensi.

582 1324 632 1378 71.
648 1313 903 1375 Luciferianornm
926 1333 1041 1375 necnon
1067 1318 1099 1375 et
1123 1314 1177 1376 Ur·
1252 1326 1301 1381 15.
1317 1316 1360 1375 Do
1383 1316 1510 1393 quodam
1526 1314 1708 1375 Sabbatio
1730 1316 1780 1375 ita
1807 1308 1857 1374 ress

536 1402 623 1462 sicini
640 1402 792 1464 schismati
800 1403 937 1463 addictus
948 1407 1011 1465 erat
1027 1404 1050 1462 F
1056 1406 1177 1466 ansti-
1205 1404 1263 1465 fert
1278 1403 1502 1464 Gennadius
1521 1400 1699 1487 (etquidem
1714 1404 1786 1481 ipse
1806 1422 1858 1463 so·

535 1510 607 1551 nus
627 1492 789 1569 presbyter,
805 1492 1028 1554 sednomimus
1043 1492 1113 1555 lidei
1129 1513 1177 1554 or·
1204 1490 1266 1577 lus)
1283 1494 1319 1554 de
1336 1494 1389 1553 vir.
1406 1494 1450 1553 ill.
1469 1510 1492 1556 c.
1511 1502 1566 1557 25:
1592 1492 1813 1563 ,Sabbatin
1824 1512 1856 1553 s,

535 1581 680 1641 thodoxac
694 1582 812 1652 vindex,
829 1581 881 1658 qui
898 1582 1040 1660 ,scripsit
1054 1584 1092 1644 sd
1109 1602 1176 1661 per·
1204 1582 1367 1661 gallicanae
1382 1582 1550 1660 provinciae
1568 1581 1731 1659 episcopus,
1760 1600 1858 1660 roga·

535 1686 639 1749 sonam
660 1670 798 1750 Ftacillae
819 1670 938 1749 reginae
961 1667 1009 1752 (de
1034 1672 1177 1735 ilintate
1203 1674 1254 1732 ins
1270 1692 1287 1731 a
1303 1672 1431 1747 quadam
1445 1672 1526 1731 casta
1540 1670 1694 1731 ettilnisto
1709 1670 1857 1731 dedicata

535 1758 599 1818 sire
616 1756 653 1817 de
667 1758 738 1835 fide)
753 1760 909 1819 adversum
924 1760 1051 1821 Arianos
1067 1765 1099 1821 et
1113 1762 1175 1823 Ma-
1204 1760 1320 1839 virgine
1351 1760 1486 1821 Secunda
1514 1760 1644 1833 nomine,
1678 1761 1859 1836 composuit

535 1846 719 1907 cedonianos'
732 1843 821 1931 (quos
836 1853 937 1908 tamen
952 1866 1011 1908 nou
1027 1846 1175 1935 nominet)
1203 1850 1314 1910 librum
1337 1850 1372 1909 da
1391 1850 1445 1921 ilde
1460 1849 1604 1909 adversus
1621 1849 1807 1909 Marcionem
1825 1856 1857 1907 et

534 1936 628 1996 libros
651 1935 717 2015 (sen
738 1938 839 2015 potius
854 1934 965 2021 capita)
989 1937 1112 2016 septam,
1129 1941 1176 2001 his
1205 1938 1405 2009 Valentinum,
1416 1939 1480 2015 ejus
1491 1943 1649 2007 auctorem,
1660 1940 1690 1997 et
1698 1937 1855 1997 adversus

534 2042 584 2085 eos
608 2027 735 2087 maxime
750 2026 971 2103 Scripturamm
995 2029 1176 2090 testimoniis
1201 2024 1856 2105 Ennominmetmagistmmltetium,osten·

534 2133 663 2193 arguens
671 2119 702 2173 et
709 2116 896 2187 convincens,
907 2116 1018 2193 quibus
1028 2118 1073 2177 illi
1083 2137 1176 2195 pravo
1204 2116 1276 2175 dens
1293 2122 1324 2175 et
1339 2116 1454 2176 ratione
1470 2120 1501 2175 et
1515 2115 1696 2175 testimoniis
1708 2116 1854 2193 Scriptu-

535 2221 625 2263 sensn
641 2207 772 2263 utuntur
786 2204 822 2263 ad
836 2204 1061 2281 blasphemiam.
1076 2206 1175 2283 Scrip-
1204 2224 1314 2273 rarum,
1335 2224 1429 2265 unum
1446 2223 1511 2265 ease
1527 2204 1647 2264 deitatis
1663 2204 1857 2282 principium

534 2292 575 2350 sit
590 2296 621 2350 et
635 2292 746 2351 libmm
762 2286 911 2373 (libellum
927 2290 1071 2377 precum),
1087 2315 1175 2373 quem
1203 2296 1361 2372 ipsumque
1377 2312 1442 2353 esse
1457 2298 1489 2354 et
1504 2312 1574 2353 suae
1588 2293 1778 2353 inienuitatis
1797 2314 1853 2353 an·

534 2380 751 2453 Valentiniano,
760 2380 923 2441 Theodosio
939 2387 970 2443 et
979 2384 1105 2444 Arcadio
1120 2386 1175 2445 im·
1203 2386 1313 2443 ctorem
1330 2386 1360 2443 et
1376 2382 1480 2442 mnndi
1497 2400 1532 2442 er
1547 2382 1641 2442 nihilo
1651 2380 1854 2451 conditorem,

533 2470 721 2545 peratoribus
731 2489 784 2547 pro
794 2470 967 2532 defensione
975 2490 1099 2534 enorum
1107 2492 1175 2534 cum
1204 2472 1354 2548 simulque
1376 2476 1407 2531 et
1431 2470 1467 2530 de
1490 2470 1613 2541 Christo,
1639 2470 1717 2546 quod
1732 2489 1802 2530 non
1819 2472 1853 2530 in

535 2559 765 2618 Marcellino
786 2560 916 2636 quodam
931 2562 1106 2639 presbytero
1123 2563 1174 2622 ob·
1202 2562 1361 2639 phantasia
1376 2561 1463 2621 homo
1479 2560 1656 2636 apparuerit,
1677 2559 1726 2618 sed
1744 2578 1852 2620 verum

532 2647 645 2726 terite),
670 2666 704 2707 ex
729 2666 789 2724 qno
805 2648 974 2709 ostenditur
990 2651 1174 2713 luciferiano
1203 2650 1342 2710 habuerit
1367 2666 1493 2719 carnem,
1525 2667 1578 2725 per
1606 2667 1695 2725 qnam
1717 2649 1851 2709 mandu-

535 2736 688 2796 echismati
713 2738 905 2807 consensisse,
931 2740 1002 2815 qnia
1024 2740 1176 2801 Hilarium
1202 2739 1303 2811 cando,
1313 2738 1453 2808 bibendo,
1464 2736 1608 2809 lassando,
1622 2736 1776 2814 plorando,
1793 2758 1850 2815 pa·

534 2824 744 2903 pictaviensem
759 2831 791 2886 et
801 2828 961 2886 Damasum
971 2828 1057 2888 urbis
1067 2829 1174 2889 Romae
1202 2828 1313 2899 tiendo,
1345 2827 1505 2898 moriendo,
1539 2826 1721 2903 resurgendo
1751 2844 1849 2885 verns

532 2915 687 2991 episcopos
710 2916 743 2974 in
767 2916 869 2976 eodem
893 2916 914 2974 1.
946 2917 1055 2993 culpet,
1088 2918 1175 2995 quasi
1201 2918 1345 2995 probetne
1369 2917 1410 2976 sit
1432 2916 1527 2975 homo.
1560 2914 1614 2974 ffis
1630 2916 1709 2975 enim
1724 2919 1850 2975 senteu-
1952 2920 1953 2929 ’

531 3004 1072 3081 mateconsuluerintEcclesiae,quod
1087 3024 1173 3083 prae·
1202 3007 1255 3065 tiis
1280 3006 1410 3065 Marcion
1440 3007 1471 3063 et
1502 3003 1679 3065 Valentinus
1702 3004 1849 3064 contrarii

531 3093 710 3153 varicatores
724 3094 878 3171 episcopos
894 3094 1174 3155 incommunionem
1203 3094 1398 3161 exstitemnt,
1437 3095 1601 3153 asserentes
1632 3094 1691 3153 dno
1720 3092 1849 3153 deitatis

532 3185 563 3241 et
600 3182 798 3243 sacerdotium
836 3184 916 3259 pacis
957 3183 1175 3259 recuperandae
1203 3183 1352 3262 principia
1367 3182 1556 3243 etGhristnm
1566 3182 1684 3242 venisse
1698 3181 1730 3240 in
1746 3182 1848 3257 phan-

531 3273 645 3349 gretiae
667 3272 856 3348 recepissent,
880 3271 960 3348 quod
980 3272 1174 3333 Luciferiania
1203 3273 1283 3333 tasia.
1299 3272 1470 3333 letiorem
1485 3270 1680 3341 etEnnomio,
1695 3270 1848 3347 discipulo

532 3361 576 3418 ita
591 3360 746 3437 displicuit
760 3361 891 3437 recipere
900 3362 1064 3439 episcopos,
1080 3362 1134 3438 qni
1144 3360 1175 3421 in
1203 3364 1277 3438 ejus,
1301 3361 1441 3430 ostendit
1465 3360 1584 3419 Patrem
1606 3362 1637 3419 et
1652 3358 1759 3419 Filium
1783 3378 1849 3420 nou

531 3448 705 3507 ariminensi
731 3449 855 3509 concilio
871 3450 991 3510 Ananis
1007 3452 1172 3512 communi·
1203 3451 1329 3510 dnamm
1351 3468 1416 3511 esse
1437 3450 1613 3509 natnmmm
1635 3452 1666 3508 et
1687 3447 1848 3508 divinitate

532 3540 678 3608 caverant,
701 3536 781 3613 qnod
804 3533 838 3619 (t.
858 3535 1018 3621 quomodo)
1034 3538 1174 3599 Novatia·
1202 3539 1352 3618 parilium,
1370 3538 1422 3598 sed
1438 3539 1528 3599 nnius
1543 3537 1698 3607 essentiae,
1721 3538 1751 3595 et
1767 3536 1847 3597 alte·

532 3626 580 3684 nis
590 3629 740 3703 apostatas
750 3623 1000 3710 poenitentesl).‘
1017 3628 1175 3688 Obtnlerat
1201 3648 1268 3688 rnm
1284 3648 1319 3688 er
1335 3628 1428 3687 altero
1443 3628 1461 3689 i.
1478 3646 1503 3685 e.
1519 3647 1553 3687 ex
1564 3626 1651 3687 Patre
1661 3624 1781 3697 Filium,
1800 3627 1846 3686 al-

532 3734 652 3793 quoqne
675 3717 760 3790 fidens
775 3714 948 3785 Theodosio,
971 3716 1003 3776 in
1025 3736 1085 3793 qno
1110 3735 1175 3777 sea
1201 3720 1302 3777 terum
1316 3717 1403 3777 alteri
1423 3719 1619 3787 conetcmum,
1642 3715 1691 3774 cni
1714 3716 1845 3775 creduli-

532 3858 688 3867 --..
1202 3807 1259 3867 tati
1270 3806 1375 3865 letius
1391 3808 1422 3865 et
1431 3804 1594 3865 Mnnomins
1605 3804 1844 3865 contradicnnt‘

574 3940 758 4012 ¹llir1iger,
783 3939 898 3995 Lucifer
919 3939 951 3993 B.
972 3956 1029 3993 von
1049 3940 1087 3994 Ca
1109 3938 1174 3996 liari
1201 3894 1492 3999 Hijusopeiisnihil
1501 3894 1630 3995 impliin
1638 3894 1844 3995 ‘'mit‘pom

532 4012 592 4067 und
606 4012 667 4067 sein
680 4012 781 4067 Latein
794 4012 825 4067 in
839 4012 947 4066 Archiv
960 4012 1006 4065 lor
1019 4010 1079 4065 Lat
1117 4012 1173 4065 exi·
1201 3981 1844 4085 ⁰d1t⁰¹⁰⁸h¹⁸t⁰n⁸⁰l¹t⁰r⁸¹s¹⁸⁰o⁸l⁸l¹⁸⁰⁰⁰w

533 4082 1045 4153 rognumorammatikrsse.111,
1072 4091 1173 4140 1-58:
1197 4074 1340 4151 jiciunt2)
1364 4074 1444 4132 hunc
1469 4071 1641 4131 sabbatium
1666 4071 1758 4130 chum
1783 4088 1843 4131 non

531 4155 569 4209 cf.
593 4158 622 4207 et
646 4154 738 4221 ipsius
761 4156 778 4208 1.
801 4154 915 4209 Lucifer
927 4156 958 4212 B.
972 4195 980 4209 .
993 4194 1021 4208 ..
1043 4154 1103 4208 und
1123 4154 1174 4209 dae
1202 4182 1265 4223 0330
1281 4182 1298 4222 a
1313 4161 1481 4222 servatio
1497 4160 1636 4237 episeopo
1643 4160 1803 4237 tungrensi
1810 4158 1843 4239 (†

531 4224 730 4349 {obieruahdefi
737 4224 938 4289 Lnailerioner,
959 4226 1077 4297 Leipzig
1088 4233 1173 4286 188&
1208 4262 1243 4316 '3
1269 4252 1327 4312 Mai
1353 4248 1444 4333 334),
1476 4250 1530 4326 qui
1553 4248 1694 4309 interfuit
1718 4250 1842 4309 pompilio

532 4329 546 4347 λ
568 4313 644 4439 iiiii
658 4304 989 4435 codd25piiin1ittuntur
1008 4378 1081 4437 preto
1104 4372 1174 4423 inter
1202 4340 1360 4401 ⁸⁸fdi⁰⁰¹¹⁸i
1390 4338 1566 4415 fortiti’fqm
1602 4338 1692 4398 inim
1731 4338 1843 4399 mitit

532 4440 670 4494 Libertum
683 4448 706 4492 et
719 4442 839 4503 Meam,
856 4436 887 4491 in
901 4437 1006 4505 quibus
1019 4442 1174 4493 narrentur
1202 4430 1319 4489 Arianis
1335 4428 1368 4488 in
1383 4427 1508 4488 concilio
1524 4427 1705 4499 ariminensi,
1724 4427 1776 4487 sed
1792 4428 1841 4487 de·

530 4510 717 4574 calamitates,
740 4526 812 4579 quas
824 4526 924 4578 passus
938 4510 976 4563 sit
989 4509 1110 4564 Ursinus
1123 4526 1172 4564 an·
1202 4538 1283 4579 mum
1298 4518 1453 4578 fraudibus
1468 4516 1581 4577 ursacii
1595 4519 1627 4576 pt
1642 4514 1777 4577 Valentis
1792 4518 1841 4576 dp.

531 4582 633 4664 tipapa
646 4580 762 4635 Damasi
775 4584 911 4661 tempore,
929 4580 1011 4661 'Haec
1025 4586 1121 4635 tamen
1134 4582 1173 4635 el·
1201 4612 1307 4684 ceptus
1338 4606 1515 4682 subscripsit
1544 4604 1690 4665 formulae
1715 4606 1839 4675 arim.

532 4658 620 4708 terme
646 4656 714 4707 eunt
737 4655 871 4707 enctons.
904 4652 1030 4707 Inbellue
1055 4669 1173 4723 precum

532 4722 940 4793 prodiitintersirmondi
954 4726 1074 4792 operae.
1088 4724 1109 4777 1.
1123 4723 1172 4777 es.
1202 4716 1289 4773 quem
1307 4697 1422 4772 lapsum
1444 4698 1524 4754 erres
1546 4712 1614 4754 enm
1635 4697 1684 4754 tot
1705 4694 1773 4754 uiis
1795 4713 1839 4752 re-

531 4795 606 4849 risiis
622 4803 698 4852 1696.
711 4796 812 4863 etjam
825 4794 906 4863 prins
920 4796 1036 4849 seorsim
1049 4793 1087 4851 ib.
1106 4802 1173 4852 1651)
1200 4789 1343 4847 tractasse
1359 4784 1465 4843 merito
1479 4782 1690 4860 praesumitur.

531 4864 564 4917 in
588 4874 606 4921 8
630 4884 695 4919 cum
720 4866 781 4934 ejus
795 4864 879 4918 notis.
902 4864 943 4919 of.
970 4866 1173 4921 Fabricius
1300 4858 1306 4874 ¹

532 4936 696 4991 bibliothec..
709 4937 758 4990 lat
770 4937 813 4990 ed.
824 4934 984 4991 Florentiae
997 4945 1072 4993 1858.
1082 4939 1103 4999 l,
1113 4948 1172 4995 666.

532 5006 645 5060 Primus
655 5006 783 5076 ejusdem
792 5008 812 5062 1.
825 5024 842 5059 a
855 5008 1027 5063 nonnemine
1042 5008 1110 5062 Gre
1118 5028 1137 5077 g
1146 5026 1172 5061 ο-
1197 5014 1199 5019 “
1241 5010 1257 5077 Ι)
1272 5006 1313 5060 of.
1326 5006 1362 5062 de
1371 5006 1418 5061 bis
1435 5004 1630 5131 scriptoribus,
1642 5020 1714 5075 qnos
1723 5022 1752 5057 n.
1762 5008 1794 5063 71
1806 5020 1839 5057 ss.

532 5078 588 5131 rio
602 5077 718 5131 Baetice
731 5078 875 5130 asseritur.
1200 5076 1403 5141 recensuimus,
1417 5078 1484 5131 Bar
1519 5076 1691 5131 enhewer
1703 5084 1717 5139 t
1730 5078 1774 5131 87.

569 5157 590 5207 ³}
605 5150 647 5201 lte
661 5147 881 5201 Gennadius
894 5148 929 5200 de
943 5150 994 5202 vir.
1009 5150 1050 5205 ill.
1063 5167 1086 5202 c.
1103 5152 1143 5205 16.
1236 5152 1257 5219 ¹)
1271 5148 1348 5204 Tem.
1365 5158 1386 5205 1.
1401 5156 1536 5218 pipam
1550 5154 1602 5203 242
1614 5164 1649 5200 as.
