4350 5934
319 659 370 713 Μ
667 643 875 715 theognostus.
888 642 1044 713 Gregorius
1063 642 1307 714 Thaumaturgus.
1450 639 1454 646 '
1598 662 1640 719 93

318 828 378 887 ria
400 829 600 891 eoelesimica
624 832 845 893 conscribenda.
868 866 912 877 —
937 834 972 893 1n
999 829 1641 897 curateetoriticesamodiditP.Koetsch·

318 916 432 978 schola
446 920 626 980 catrohstica
636 921 826 983 alexandrina
840 939 971 999 praeces-
998 941 1044 982 su
1059 920 1206 1000 Freiburg
1220 922 1284 983 und
1298 920 1419 1000 Leipzig
1438 931 1531 987 1894.
1546 922 1642 993 Quin·

318 1006 370 1067 sit
385 1002 486 1089 (iusta
493 1009 731 1091 aliossucceseit)
747 1012 845 1071 Pierio
862 1006 911 1095 (ol.
922 1030 971 1071 su·
999 1011 1132 1089 quannio
1140 1011 1242 1088 elapso
1252 1011 1285 1070 iu
1292 1010 1419 1089 patriam
1427 1011 1517 1072 rediit
1527 1007 1568 1096 (a,
1576 1020 1639 1079 238

318 1094 971 1181 prapeoa.)theognostusaresqai,
1001 1094 1152 1183 ve1239).
1182 1100 1250 1161 hlox
1272 1101 1306 1161 in
1329 1100 1503 1177 episcopum
1518 1100 1641 1163 neocaes

318 1188 364 1247 ut
382 1186 510 1261 ridetur,
528 1187 713 1265 Origeuis
736 1190 862 1268 vestigia
877 1192 971 1250 secta·
1000 1189 1140 1249 ssrieusis
1155 1190 1295 1250 ecclesiae
1309 1189 1343 1249 in
1352 1190 1448 1249 Ponto
1463 1190 1588 1268 eligitur
1602 1188 1635 1273 (

318 1280 381 1335 tus
396 1280 450 1337 est
479 1276 652 1354 Composuit
667 1277 834 1357 theologiae
850 1278 972 1356 dogma·
1000 1298 1024 1344 a.
1050 1274 1128 1361 240)
1153 1298 1276 1356 eamque
1298 1296 1416 1339 summa
1437 1278 1641 1341 sollicitudine

319 1364 405 1425 tiene
428 1366 577 1442 mmor
599 1384 652 1427 seu
672 1368 881 1447 compendium
903 1368 971 1433 ]1.’1
1000 1368 1144 1446 pastorali
1167 1368 1221 1429 diu
1250 1367 1329 1429 rexit
1349 1386 1526 1445 omnemque
1556 1368 1641 1429 illius

319 1455 586 1531 comprehensum,
609 1456 690 1533 quod
705 1457 903 1537 Hypotyposaes
920 1474 973 1517 sen
999 1458 1133 1535 regionis
1148 1457 1294 1534 populum
1303 1456 1341 1517 sd
1350 1456 1461 1517 christi
1474 1457 1562 1518 tidem
1571 1456 1642 1518 con'·

319 1543 537 1605 institutiones
552 1545 735 1624 theologicas
754 1546 915 1628 inscripsit.
938 1548 973 1607 1n
999 1542 1133 1629 sertit1).
1163 1547 1331 1607 Intervenit
1353 1563 1474 1623 quoque
1497 1564 1565 1607 oum
1580 1547 1639 1607 lra-

321 1634 343 1691 l.
368 1644 396 1697 1.
412 1632 478 1711 agit
492 1633 529 1693 de
546 1634 606 1695 Deo
622 1635 723 1707 Patre;
738 1636 771 1697 iu
790 1646 817 1701 1.
833 1636 973 1708 daFilio;
1000 1639 1047 1695 tre
1068 1654 1194 1713 magnae
1216 1636 1328 1713 synodo
1349 1636 1495 1696 aduersus
1514 1636 1642 1696 Pontum

321 1722 361 1781 in
380 1730 409 1785 8.
425 1722 463 1781 de
479 1722 595 1800 Spiritu
611 1741 650 1795 s.;
666 1724 699 1784 in
715 1735 744 1789 4.
760 1726 796 1787 de
812 1725 926 1805 augelis
943 1728 974 1784 et
1000 1729 1218 1786 samosatenum
1235 1724 1411 1785 Antiochiae
1427 1721 1566 1808 1641265
1589 1727 1642 1785 ha·

320 1810 541 1882 daemonibuu
558 1813 972 1885 iu5.et6.deinosmatioue;
1000 1815 1080 1874 bitae
1097 1810 1130 1897 (i
1144 1831 1168 1873 a
1186 1822 1249 1877 270
1267 1863 1273 1876 .
1302 1813 1371 1873 slis
1385 1813 1520 1890 ejusdem
1535 1832 1642 1875 mouu-

319 1900 355 1959 in
377 1908 406 1963 ’1.
430 1900 467 1961 de
482 1900 538 1961 Dei
561 1902 719 1965 creatione.
750 1904 859 1965 Graves
882 1904 910 1963 ei
925 1922 973 1965 ar·
1000 1906 1102 1963 menta
1123 1905 1211 1963 suut:
1229 1896 1246 1922 ''
1292 1903 1380 1975 bocar
1395 1904 1522 1975 πίστεως
1543 1903 1641 1979 Papo·

315 1989 889 2069 roresexprobatPhotiuscod.0V1.
900 1992 971 2053 dum
999 1992 1065 2051 soso
1080 1992 1148 2068 {idei
1161 1991 1322 2051 admodum
1332 1990 1643 2051 brevissedacourat's

313 2096 394 2138 vero
411 2096 436 2145 s.
452 2080 703 2141 athanasius
719 2100 787 2142 cum
803 2082 891 2143 laude
906 2082 972 2159 ejus
1000 2082 1036 2141 de
1052 2099 1091 2145 ss.
1113 2080 1268 2152 Trinitate,
1292 2099 1384 2156 quam
1406 2078 1549 2141 didicisse
1572 2098 1643 2143 sum

315 2168 507 2229 mentionem
524 2168 614 2229 facist
629 2173 661 2230 et
675 2170 713 2230 ad
729 2190 797 2231 eum
814 2172 846 2231 in
859 2170 972 2231 tuenda
999 2170 1102 2231 ferunt
1123 2170 1156 2230 iu
1177 2170 1362 2248 apparitione
1385 2170 1415 2235 b.
1437 2169 1548 2229 Mariae
1563 2170 1595 2230 V.
1611 2173 1644 2231 at

317 2254 382 2317 lide
397 2258 544 2317 ostholics
558 2258 596 2319 de
611 2259 689 2325 decr.
704 2260 761 2321 nic.
772 2261 879 2338 synodi
890 2280 919 2321 u.
929 2270 969 2324 25
1000 2280 1023 2321 s.
1039 2259 1166 2321 Joanuis
1181 2278 1244 2337 sp.;
1259 2257 1548 2319 hiucdiciturstiam
1565 2258 1642 2330 ,lie-

318 2348 474 2421 prorooet,
490 2346 591 2407 Photii
607 2350 754 2409 accusatio
777 2350 826 2411 rel
847 2368 971 2428 exsggs-
1000 2350 1109 2408 relatio
1133 2347 1299 2427 Gregorii‘
1330 2348 1372 2412 cf.
1388 2348 1549 2427 cespati
1572 2346 1644 2407 Alte

318 2438 391 2495 rata
407 2439 463 2505 cst,
486 2438 536 2496 vel
550 2437 731 2515 Theognosti
755 2438 824 2499 libri
849 2440 888 2499 ab
903 2440 970 2499 hae·
999 2438 1063 2498 und
1078 2436 1292 2507 neueQuellen
1307 2437 1471 2499 surdesch
1488 2436 1541 2497 des
1551 2435 1644 2496 Taul-

317 2524 430 2583 reticis
445 2524 529 2585 fuere
538 2525 722 2603 interpolati.
738 2527 897 2589 Intoroidit
906 2529 971 2605 ejus
999 2527 1132 2604 symbols
1148 2526 1212 2587 und
1230 2527 1284 2587 der
1298 2525 1540 2603 Glaubansragel,
1558 2524 1644 2585 chri·

320 2630 414 2689 opus:
429 2631 525 2689 pauca
539 2615 698 2675 admodum
715 2619 878 2693 supersunt
889 2617 971 2695 frag·
1000 2616 1113 2676 stiauia
1132 2625 1213 2683 1819
1228 2634 1259 2692 p·
1278 2624 1393 2680 1-64,
1423 2614 1491 2677 ali·
1508 2615 1576 2690 fido
1590 2632 1642 2675 ac·

320 2707 438 2764 menta.
471 2702 512 2765 cl.
544 2703 671 2765 Itouth
698 2704 769 2777 111²,
801 2715 971 2778 405-223
998 2707 1255 2783 positioprolirior
1270 2700 1480 2789 (κατὰμέρος)
1495 2703 1555 2781 ipsi
1570 2703 1643 2763 olim

320 2790 457 2869 iligna
483 2792 591 2851 Patrol.
616 2812 659 2871 gr.
683 2793 718 2868 X,
743 2802 905 2859 sae—42.
999 2794 1116 2855 tributa
1137 2794 1239 2872 spuria
1261 2794 1401 2853 censetur
1420 2794 1512 2869 atquo
1530 2792 1645 2869 hpolli-

999 2884 1083 2944 nsrio
1108 2882 1260 2942 laodiceno
1284 2876 1419 2965 (1390)
1445 2880 1643 2943 adscribitur:

369 2978 424 3033 50.
441 2970 590 3031 Summam
613 2971 743 3031 nominis
766 2972 972 3033 celebritatem
1000 2990 1104 3051 graece
1118 2972 1249 3049 primum
1260 2969 1451 3031 editasllai
1465 2970 1643 3035 Noraecolh

322 3060 495 3135 promeruit
510 3059 735 3137 Gregorius,
759 3066 849 3122 natus
865 3080 889 3122 c.
908 3072 970 3127 218
1001 3062 1063 3129 Vll.
1078 3070 1289 3128 lto-lton
1304 3059 1643 3119 Draesehsiui'exts

324 3146 792 3221 NeocaesarceeinPontoontes
801 3151 972 3212 Theodorus
999 3167 1029 3213 u.
1046 3150 1115 3209 Uul.
1136 3147 1295 3219 1892111,
1314 3156 1499 3213 eeu-380.
1514 3148 1642 3224 -lljus

325 3236 507 3313 appellatus,
519 3256 536 3295 a
546 3238 756 3299 miraculorum
769 3240 864 3317 gloria
874 3240 971 3299 Than-
1002 3239 1200 3315 Metcphrcsis
1214 3240 1247 3297 in
1255 3237 1457 3312 Excessum,
1466 3236 1566 3297 brevis
1574 3239 1643 3313 qui·

325 3328 496 3403 maturgus,
512 3326 589 3386 alter
603 3327 719 3405 Moyses
734 3328 843 3389 dictus.
869 3328 905 3387 Iu
921 3346 971 3388 su·
1000 3328 1066 3387 dem
1083 3326 1136 3386 sod
1151 3326 1237 3387 valdo
1252 3326 1339 3386 utilis
1364 3325 1476 3386 dicitur
1490 3344 1508 3385 s
1522 3344 1546 3392 s.
1562 3326 1643 3386 Hie·

325 3415 507 3491 perstitione
531 3418 676 3493 paganica
690 3419 781 3477 natns
797 3436 873 3495 puer
886 3436 912 3483 s.
931 3426 970 3479 14
998 3434 1067 3475 ron
1074 3434 1158 3493 ymo
1175 3434 1198 3475 c.
1216 3427 1267 3485 65,
1290 3416 1352 3475 imo
1365 3415 1535 3476 Rufinus
1557 3415 1594 3473 H.
1610 3414 1642 3475 h'.

326 3502 487 3565 veritatem
501 3504 656 3582 religionis
670 3506 849 3565 christianae
864 3524 971 3583 agnos·
1002 3505 1062 3575 vn,
1090 3514 1131 3569 ⁶25
1163 3504 1238 3565 dicit
1264 3522 1337 3564 sum
1368 3504 1421 3573 ,in
1444 3504 1643 3565 Ecclesiasten

326 3611 398 3653 ecre
412 3594 517 3669 coepit.
534 3592 581 3652 Ab
597 3594 724 3672 Origene
740 3596 972 3655 cumfratresuo
1000 3594 1203 3673 metaphrasin
1240 3594 1533 3673 magnificentissime
1571 3595 1643 3653 scri·

327 3682 523 3742 Athenodoro
531 3680 555 3765 ¹)
578 3682 734 3744 caesareus
755 3685 787 3745 iu
803 3684 973 3744 Palaestina
1000 3684 1129 3760 psisse.‘
1162 3683 1338 3759 Parapbraei
1368 3682 1447 3742 enim
1472 3700 1530 3742 sna
1552 3682 1644 3743 afficit

327 3770 537 3847 philosophiae
551 3790 651 3832 amore
667 3791 827 3833 succensus
843 3774 915 3834 etin
926 3792 972 3833 re·
1001 3776 1059 3842 ,ut
1073 3772 1183 3832 clarius
1198 3791 1300 3832 rerum
1314 3771 1447 3831 omnium
1468 3771 1643 3847 temporali·

327 3878 398 3921 rum
423 3859 592 3920 dimnarum
617 3860 810 3922 meditatione
834 3862 892 3923 luit
914 3862 971 3922 ini·
1000 3882 1051 3921 um
1068 3862 1186 3922 sanitas
1201 3859 1409 3939 perspiciatur,
1425 3860 1642 3920 stleotomsef·

328 3951 435 4012 tintus.
464 3949 543 4009 Hinc
572 3950 605 4009 in
634 3950 798 4027 gratiarum
827 3952 971 4013 actionem
1000 3950 1120 4011 licscius
1135 3950 1173 4009 ad
1188 3968 1285 4009 mores
1301 3948 1491 4025 corrigendos
1511 3950 1642 4007 exciten-

329 4041 491 4097 ornts'oaem
505 4042 710 4117 panegyricam
735 4039 842 4100 habuit
856 4041 889 4101 in
905 4040 970 4099 Ori·
999 4042 1058 4111 tur,
1079 4058 1170 4116 quam
1194 4039 1258 4100 sola
1281 4038 1409 4099 lectione
1431 4037 1528 4113 graeci
1549 4037 1641 4097 istius

329 4146 436 4205 genam
446 4146 543 4187 coram
553 4128 823 4206 magnshominnm
833 4129 971 4207 frequen·
999 4128 1071 4188 libri
1085 4130 1188 4188 textus
1204 4127 1279 4187 satis
1294 4125 1414 4186 obscuri
1435 4124 1499 4184 lieri
1514 4127 1640 4202 possit‘

329 4218 373 4275 tis
403 4234 475 4276 sane
506 4216 673 4295 elegantem
698 4222 789 4294 atque
812 4218 971 4279 admodum

330 4305 488 4377 mditm’
520 4305 552 4365 in
583 4324 642 4381 qm
673 4306 811 4385 origenis
847 4306 971 4409 docimii
1039 4356 1057 4423 ¹)
1068 4350 1167 4404 Vitam
1179 4351 1241 4419 ejus
1261 4353 1359 4405 namet
1378 4368 1398 4403 s.
1413 4349 1568 4421 Gregorius
1580 4368 1643 4431 mys.

331 4395 503 4455 mmm
514 4396 878 4472 ⁰¹Pl²¹¹⁸i⁸iqu0bf⁸1⁰m
889 4414 971 4473 ΨΒ·
999 4423 1031 4477 iu
1044 4425 1115 4476 orat.
1136 4421 1310 4493 panegyrica
1329 4420 1483 4490 minusque
1505 4420 1642 4476 historica

331 4482 396 4543 dem
413 4502 536 4545 cursum
552 4483 752 4563 theologicum
768 4485 895 4547 exhibet.
914 4487 971 4543 Ac·
999 4500 1125 4549 devitas.
1137 4498 1264 4562 Gregorii
1274 4496 1477 4561 lhoumuturgi.
1492 4490 1533 4547 cf.
1544 4492 1641 4545 Fess-

999 4566 1292 4635 les-Jungmsnn
1316 4573 1331 4630 5
1354 4568 1405 4623 791
1434 4562 1642 4618 Burdsuhe·

1000 4640 1161 4703 werssl'iz
1182 4635 1314 4703 Ryssel
1334 4634 1488 4704 Gregorius
1501 4632 1641 4687 thauma

367 4712 386 4770 'l
402 4708 497 4779 liujus
517 4708 590 4761 forie
611 4710 678 4761 sunt
699 4708 755 4762 tria
775 4706 875 4761 brevia
898 4708 971 4778 frug·
1001 4712 1112 4778 tergus,
1127 4706 1187 4761 sein
1200 4706 1296 4760 leben
1316 4705 1376 4761 und
1400 4704 1477 4759 scine
1490 4703 1640 4769 Schriften,

332 4784 425 4835 menta
438 4796 472 4833 ex
487 4778 594 4850 scripto
607 4779 642 4833 de
655 4782 822 4849 Heba-alento,
842 4794 915 4848 quiae
935 4780 972 4833 le·
999 4779 1114 4849 Lipsiae
1130 4782 1206 4842 1880,
1226 4776 1278 4831 ubi
1297 4774 1421 4849 reperies
1440 4780 1470 4831 et
1480 4775 1641 4831 versionem

333 4856 440 4917 gisutur
451 4852 483 4905 in
496 4854 538 4907 Jo.
553 4849 774 4905 Damasceni
793 4850 847 4905 sub
867 4851 972 4905 Athe·
1000 4850 1193 4923 germanicam
1206 4850 1409 4921 opusculorum
1418 4848 1455 4901 ud
1463 4847 1640 4919 Philagrium

333 4924 466 4977 nodosi
488 4922 605 4977 nomine
617 4920 764 4979 Parallelis
786 4920 882 4987 sacris,
895 4921 973 4976 edito
1000 4926 1030 4977 et
1054 4921 1280 4992 Theopompum.
1305 4920 1412 4991 Biogrs
1432 4919 1521 4983 hiem,
1553 4935 1640 4987 quarn

332 4994 367 5047 ab
380 4994 512 5052 Hollin
525 4994 605 5048 Text.
618 5012 646 5054 u,
662 4994 692 5048 U.
703 4995 753 5048 XX
762 4994 797 5047 N.
806 4994 835 5050 F.
845 4992 879 5057 V,
888 4999 970 5057 Ι,1,161
1001 4992 1109 5062 syriace
1128 4992 1244 5061 reperit
1261 4991 1354 5046 edidit
1374 4992 1404 5045 iu
1462 4993 1514 5046 eol.
1535 4990 1640 5043 Ztschr.

334 5074 365 5122 {a
381 5072 468 5139 1899).
494 5066 598 5121 Factus
617 5070 661 5120 est
679 5069 777 5120 aulem
798 5070 828 5119 ct
849 5066 973 5119 Athene·
1000 5082 1052 5118 sus
1065 5064 1116 5118 der
1130 5062 1257 5117 Schweiz
1273 5064 1403 5126 1894111,
1415 5068 1573 5121 228—254:
1597 5078 1641 5128 sy-

333 5136 416 5193 dorus
429 5138 580 5211 episcopus
594 5136 625 5191 iu
637 5136 738 5202 Ponto,
760 5136 808 5191 sed
831 5138 913 5207 cujus
934 5152 972 5190 ee-
1000 5136 1076 5190 sisae
1089 5134 1161 5188 Bed
1166 5135 1178 5202 j
1187 5151 1232 5188 au
1254 5133 1286 5187 iu
1299 5135 1379 5188 Actis
1392 5134 1459 5186 ΜΜ.
1472 5136 1502 5187 et
1513 5134 1557 5186 SS.
1574 5137 1641 5187 1896

333 5208 383 5275 dis,
396 5212 439 5264 est
453 5210 604 5265 incertum.
629 5208 710 5263 Obiit
723 5226 746 5265 c.
762 5210 821 5265 270.
1001 5207 1048 5273 Vl,
1060 5212 1196 5263 83-106.

436 5308 532 5365 unsar,
545 5306 710 5356 Nomenclstor
723 5308 733 5354 l
747 5308 783 5355 ed.
797 5306 838 5355 lll.
1464 5302 1482 5348 ⁴
