4350 5934
350 576 411 630 135
745 554 816 627 Ejus
828 573 914 627 opere
927 558 1075 630 exegetica
1086 562 1118 613 et
1128 559 1258 614 morulis.
1595 581 1656 637 133

394 744 988 819 eelmeeeumtejuaoperamoralia,
1064 754 1114 807 99.
1129 746 1415 818 Prosteraermones,
1427 748 1583 823 exquibus
1593 749 1657 825 ple·

343 832 516 909 cujusmodi
546 834 619 892 sunt
648 832 718 891 libri
740 834 860 893 tresde
883 834 989 909 officiis
1015 852 1107 910 reque
1132 852 1155 895 s.
1180 832 1329 895 Ambrosii
1358 836 1534 911 prodierunt
1559 856 1657 913 opera,

343 923 551 981 mirrietrorum
565 922 628 981 scil
643 922 858 1003 clericorumlt,
874 924 906 981 in
921 922 989 998 qui·
1015 940 1087 998 prce
1117 923 1222 999 primis
1246 924 1428 983 memorandi
1449 925 1545 985 adhuc
1569 930 1656 986 sunt:

343 1011 404 1069 bns
429 1011 630 1071 Ciceronis
652 1010 696 1069 de
721 1010 874 1071 officiis
897 1010 988 1071 libros
1015 1011 1117 1071 Sermo
1140 1020 1241 1071 contro
1264 1014 1444 1072 Auxentium
1469 1014 1506 1074 de
1528 1015 1658 1075 basilicis

343 1099 514 1177 sequendos
522 1100 583 1159 sibi
591 1100 749 1177 proposuit
762 1104 853 1176 atque
861 1100 989 1161 feliciter
1014 1100 1168 1161 tradendis
1185 1094 1223 1183 (a
1240 1098 1327 1182 386),
1351 1101 1385 1161 in
1400 1120 1459 1177 quo
1476 1103 1656 1181 intrepidam

342 1188 552 1267 sagaciterque
567 1192 790 1253 oetnsecutns.
804 1222 849 1233 -
864 1191 988 1249 Amator
1014 1190 1106 1248 animi
1130 1188 1339 1249 tortitudinem
1362 1191 1493 1251 ostendit
1514 1191 1658 1253 adversus

341 1278 462 1338 zelosus
484 1277 668 1355 virginitatis
693 1279 768 1338 hanc
781 1278 900 1338 iteratis
914 1278 987 1337 rici·
1014 1277 1153 1337 Justinae
1169 1279 1366 1355 imperatricis
1382 1280 1503 1340 Arianis
1518 1300 1572 1357 pro
1581 1280 1655 1341 viri·

341 1367 403 1425 bus
419 1366 618 1443 pluribusque
632 1367 818 1427 sermonibus
833 1366 987 1445 depraedi·
1014 1366 1072 1427 bns
1096 1368 1312 1444 patrocinantis
1337 1387 1437 1441 ausus,
1464 1387 1532 1429 cum
1555 1371 1604 1430 rel
1624 1370 1657 1429 ri

342 1458 402 1528 cat,
425 1456 611 1515 commendet
632 1456 808 1533 extollitque
828 1458 914 1516 teuto
929 1457 987 1515 fer·
1013 1456 1392 1517 ermetavellethesreticis
1407 1457 1658 1535 basilicamque

341 1564 416 1604 rore
432 1548 464 1604 et
478 1544 589 1616 fluctu,
614 1548 650 1604 ut
672 1546 784 1605 multus
808 1546 923 1623 puellus
939 1546 987 1606 rel
1014 1545 1170 1605 dicebatur
1192 1554 1320 1617 ,ηοω
1342 1547 1468 1607 trsdme.
1500 1548 1600 1607 Sermo
1623 1550 1655 1607 in

341 1653 379 1693 ex
411 1635 533 1693 remotis
558 1634 731 1712 regionibus
761 1636 798 1694 ad
822 1635 986 1695 vovendam
1013 1636 1205 1695 translatione
1218 1636 1411 1713 reliquiorum
1426 1655 1464 1699 ss.
1481 1636 1615 1697 Gerccati
1630 1645 1657 1696 et

343 1722 553 1801 virginitatem
563 1723 725 1795 induxerit,
733 1726 902 1801 matresque
909 1724 985 1783 filie·
1014 1724 1152 1801 Protesii,
1163 1742 1237 1800 ques
1246 1724 1299 1783 illo
1307 1724 1515 1802 angustarum
1522 1727 1656 1803 tempore

340 1812 402 1871 bus
417 1829 479 1871 non
492 1813 703 1888 permitterent
718 1812 822 1872 audire
837 1812 987 1873 Ambrosii
1014 1813 1075 1871 Deo
1101 1812 1250 1873 recolente
1265 1814 1384 1889 reperit
1414 1814 1450 1872 In
1472 1832 1507 1873 co
1529 1816 1655 1891 gloriam

340 1901 574 1962 exhortationes.
595 1901 638 1960 lix
653 1902 699 1961 his
716 1903 903 1962 sermonibus
917 1921 986 1979 pro·
1013 1904 1183 1961 sanctornm
1199 1901 1276 1961 ineis
1292 1902 1432 1963 laudibus
1448 1904 1586 1975 celebrat,
1601 1904 1653 1962 mi·

340 1990 468 2050 dierunt
481 1991 513 2050 ll.
534 1992 596 2050 tres
619 1992 654 2049 de
674 1992 835 2068 viminibus
855 1992 892 2051 ad
908 1992 986 2051 Mar-
1013 1987 1115 2049 rncnl'e
1128 2010 1183 2067 per
1198 1990 1272 2051 istas
1287 1992 1428 2067 reliquias
1453 1995 1570 2069 patrate
1585 2011 1655 2051 uar-

339 2079 482 2138 celliuam
497 2098 637 2152 sororem,
648 2080 684 2139 de
694 2100 753 2158 quo
763 2100 853 2156 opere
868 2082 986 2144 s.Hie-
1013 2082 1166 2156 rotatque
1182 2079 1316 2140 defendit
1331 2080 1487 2157 plebisque
1496 2081 1611 2141 enimes
1621 2082 1654 2141 iu

339 2187 531 2246 ronymus
555 2188 602 2245 ep.
620 2178 659 2231 22
685 2189 715 2233 n.
733 2178 791 2233 22:
823 2171 986 2239 ,Tantose
1014 2187 1097 2245 spem
1127 2169 1225 2247 erigit.
1246 2202 1290 2213 -
1315 2169 1481 2229 Consolatio
1512 2172 1546 2229 de
1575 2171 1655 2230 obite

339 2256 451 2316 effudit
466 2258 592 2334 eloquio,
608 2261 645 2316 ut
660 2259 808 2335 quidquid
830 2261 866 2318 cd
881 2259 985 2319 leudes
1020 2256 1226 2335 Valentiniani
1242 2258 1274 2317 in
1290 2277 1349 2335 que
1363 2258 1457 2317 vitam
1467 2261 1498 2317 et
1508 2259 1653 2319 virtutem

338 2346 497 2423 uirginum
513 2346 651 2423 pertinet,
668 2348 850 2425 exquisierit,
867 2367 984 2425 expres·
1008 2346 1131 2423 juvenis
1157 2346 1247 2423 hujus
1272 2348 1460 2424 imperatoris
1485 2366 1504 2406 n
1526 2348 1655 2408 Maximo

338 2436 423 2505 serit,
448 2435 624 2500 ordinarit‘
645 2438 683 2496 ln
703 2437 723 2495 l.
750 2448 776 2499 1.
799 2456 822 2500 s.
838 2438 984 2516 Agnetem
1011 2437 1339 2512 usurpetorso.netatis
1352 2433 1652 2519 20.truoiduti(392)

338 2528 496 2600 tamqnam
517 2526 668 2601 exemplar
690 2527 833 2597 celebrat;
855 2528 888 2585 iu
912 2536 940 2589 2.
955 2528 984 2586 b.
1012 2526 1122 2595 namet,
1140 2542 1284 2601 spemque
1299 2526 1440 2585 enunciat
1461 2528 1565 2585 votum
1581 2526 1654 2602 bap·

338 2612 456 2671 Mariae
470 2617 501 2672 et
516 2632 540 2675 s.
555 2614 679 2675 Theclae
694 2616 983 2693 exempluproponit;
1012 2614 1095 2673 tismi
1118 2608 1199 2695 (nem
1221 2614 1355 2673 nondum
1377 2615 1542 2691 baptizatus
1565 2612 1654 2697 obiit)

337 2702 373 2761 in
383 2702 984 2779 3.praeceptatrudit.-Prorimesdrir-
1011 2702 1070 2779 ipsi
1086 2704 1249 2779 profuisse3
1266 2704 1408 2763 Oretiode
1418 2704 1495 2763 obitu
1505 2704 1654 2765 Theodosii

337 2790 501 2869 ginitatem
517 2792 983 2871 accedereriduitntisprofessio-
1012 2788 1050 2873 (e.
1068 2789 1155 2875 395),
1172 2792 1203 2851 in
1225 2812 1286 2869 qus
1308 2796 1338 2852 et
1360 2792 1451 2869 hujus
1467 2793 1655 2868 imperatoris

336 2898 421 2957 nem,
437 2898 555 2941 necnon
563 2882 751 2943 matrimonio
758 2884 846 2961 longe
854 2885 983 2960 praecel-
1010 2881 1138 2940 virtutes
1154 2881 1285 2941 encomio
1302 2882 1503 2958 prosequitur.
1522 2882 1654 2959 Utraque

337 2969 402 3029 lere
417 2970 551 3029 ostendit
565 2970 598 3029 in
613 2971 634 3030 l.
649 2972 684 3030 de
695 2973 797 3036 vidum.
820 2973 983 3049 Utriusque
1010 2969 1106 3029 oratio
1122 2974 1261 3029 censetur
1284 2970 1411 3033 classice.
1428 3004 1472 3013 -
1486 2970 1553 3029 Huc
1568 2988 1653 3045 epec-

337 3059 441 3135 operis
456 3058 553 3118 reiuti
568 3059 715 3136 appendix
737 3067 784 3121 est
804 3062 883 3120 elius
898 3061 982 3132 liber,
1009 3060 1123 3117 tentet
1144 3059 1175 3117 ll.
1194 3068 1211 3119 2
1238 3060 1272 3117 de
1296 3076 1408 3118 excessu
1425 3057 1526 3134 Satyri
1549 3059 1651 3119 botru

336 3166 431 3223 quem
460 3148 579 3207 molunt
608 3148 738 3209 editores
761 3152 924 3210 inscribere
948 3152 984 3209 de'
1009 3148 1066 3219 sui,
1083 3146 1155 3223 quia
1171 3150 1242 3207 runt
1258 3147 1378 3207 nonnisi
1394 3164 1544 3207 sermones
1560 3147 1650 3225 lugu·

335 3239 515 3317 cirpinitote.
555 3238 698 3314 Sequitur
734 3239 769 3298 de
805 3242 983 3299 institutione
1011 3236 1087 3308 bros,
1104 3254 1232 3311 quorum
1250 3246 1277 3299 2.
1294 3236 1469 3296 inscribitur
1484 3236 1519 3295 de
1533 3237 1589 3311 fide
1604 3256 1649 3295 re·

338 3328 464 3403 uir-finis
487 3330 519 3385 et
543 3326 696 3387 sitense
718 3328 892 3406 virginitate
915 3348 982 3405 per·
1008 3327 1197 3385 remetiente
1205 3322 1236 3405 ¹).
1268 3325 1423 3385 Sermones
1447 3329 1509 3385 tres
1534 3326 1566 3384 in
1581 3326 1651 3388 Luc.

335 3420 448 3492 petue;
486 3416 659 3475 Exhortatio
704 3418 888 3495 vircinitotie.
937 3418 982 3476 De
1015 3424 1062 3486 [9,
1081 3423 1138 3477 33:
1162 3414 1279 3473 Vendite
1301 3417 1408 3491 omnio,
1434 3432 1508 3491 quus
1520 3416 1650 3491 posside·

337 3506 428 3580 topeu
465 3507 587 3582 cirqinis
624 3514 804 3565 consecratum
849 3504 982 3586 (nomine
1009 3506 1046 3562 tie
1061 3511 1087 3562 ct
1103 3504 1169 3561 dote
1184 3504 1387 3581 eleemosynam
1406 3524 1424 3562 e
1445 3503 1482 3563 de
1504 3504 1651 3564 (torris-

337 3589 508 3676 Susanuae)
530 3594 688 3653 admonitio
702 3595 859 3655 vehemens
875 3614 981 3656 anon·
1007 3592 1063 3651 ris
1078 3612 1104 3651 e.
1124 3600 1206 3656 1834
1222 3594 1334 3668 reperti
1350 3589 1450 3675 (iued.
1460 3592 1604 3653 Belleriui
1614 3593 1651 3665 V,

338 3683 432 3741 nullis
460 3682 610 3741 tribuitur
633 3682 795 3743 Nicetes
826 3685 981 3745 Deciorum
1014 3677 1199 3762 195—222)
1216 3682 1340 3742 minoris
1365 3685 1438 3741 sunt
1453 3684 1594 3741 momenti
1620 3684 1653 3741 et

335 3771 487 3847 episcopo,
512 3772 560 3830 vel
584 3790 607 3833 s.
632 3771 876 3849 Hieronymo,
902 3776 980 3833 Am·
1008 3770 1094 3830 velde
1110 3770 1203 3829 dubii.

336 3860 474 3921 brosio
489 3860 527 3919 ab
543 3861 611 3920 eliis
626 3862 783 3933 asseritnr3
802 3864 891 3939 juxta
912 3864 980 3922 Mo·

336 3950 399 4009 rin
421 3954 455 4009 et
476 3948 758 4010 Bardonhewer
781 3952 981 4011 substantium
1057 3960 1127 4013 100.
1145 3947 1319 4023 Sequuntur
1341 3948 1474 4025 epistotae
1494 3942 1563 4029 (91)
1580 3965 1651 4007 vere

336 4040 362 4099 si
386 4040 504 4116 spectes
529 4040 578 4097 est
600 4040 761 4110 Ambrosii,
786 4041 838 4100 ssd
862 4059 923 4101 non
946 4060 982 4101 es
1006 4038 1163 4115 pretioue,
1190 4038 1270 4097 lectu
1294 4036 1486 4114 dignissimae
1502 4038 1533 4095 et
1547 4036 1648 4097 utilis·

336 4127 441 4201 forma,
457 4146 516 4205 qno
532 4127 619 4187 modo
634 4132 764 4204 prestet:
780 4134 828 4189 est
841 4130 918 4189 forte
928 4148 980 4189 cu·
1007 4126 1106 4197 simne,
1123 4126 1155 4185 in
1178 4126 1289 4201 quibus
1312 4125 1530 4185 lucidissimum
1552 4125 1649 4184 virtu-

331 4218 455 4293 jusdam
470 4214 627 4287 auditoris,
643 4218 696 4293 qui
705 4218 854 4278 Ambrosii
870 4238 979 4279 sermo·
1008 4220 1072 4275 tum
1098 4215 1291 4291 pastoralium
1317 4214 1348 4273 in
1371 4232 1394 4275 s.
1419 4214 1575 4275 Ambrosio
1599 4232 1650 4273 ex·

336 4325 408 4367 nem
423 4306 519 4367 literis
529 4306 757 4383 consignaverit.
772 4307 980 4367 codiceseuim
1007 4306 1129 4364 bibetur
1159 4304 1342 4380 exemplum:
1381 4303 1468 4380 quasi
1493 4322 1650 4363 commune

337 4414 442 4455 omnes
472 4413 533 4454 uno
562 4395 722 4455 recentiori
751 4399 874 4472 excepto
899 4398 981 4457 stant
1008 4394 1056 4454 sui
1071 4393 1165 4453 seculi
1181 4393 1333 4453 oraculum
1348 4394 1508 4469 comparet,
1531 4393 1579 4453 cui
1601 4394 1650 4452 vel

336 4504 391 4561 pro
406 4503 432 4544 a.
446 4484 612 4555 Ambrosio,
638 4484 692 4544 sed
705 4487 830 4545 notatur
845 4486 907 4544 stili
923 4486 979 4545 dit·
1006 4482 1156 4560 principes
1181 4481 1301 4558 negotis
1325 4482 1550 4549 committebant
1579 4500 1648 4556 gra-

336 4574 467 4635 terentia
481 4575 512 4633 et
527 4572 671 4633 severitus
681 4574 858 4635 Noratienis
868 4574 979 4637 favens.
1007 4572 1137 4631 sissima.
1153 4572 1235 4631 Inter
1250 4588 1298 4629 ess
1314 4570 1389 4631 eliae
1405 4572 1475 4628 sunt
1489 4570 1651 4629 historiese

335 4663 426 4725 biber
438 4664 481 4723 cd
494 4664 634 4740 airyinem
648 4664 777 4723 deuotum
792 4664 914 4740 spurius
923 4665 977 4729 est.
1006 4661 1109 4739 magui
1123 4659 1281 4731 momenti;
1304 4659 1379 4719 oliae
1401 4658 1585 4737 dogmaticos
1600 4658 1648 4717 vel

1007 4750 1189 4827 exegeticon
1220 4748 1294 4809 alise
1320 4748 1446 4808 morales
1476 4748 1526 4808 rel
1563 4747 1650 4807 farni-

337 4840 498 4851 b——n—

374 4984 383 5017 ¹
408 4974 520 5030 Prodiit
538 4976 657 5031 seorsim
675 4992 744 5032 curs
762 4973 979 5101 Krobinger
1047 4979 1065 5034 ¹t
1078 4972 1250 5027 Prodieruut
1262 4970 1651 5027 occuratissimecursOsroli

336 5046 410 5101 ΤΥ
469 5065 490 5101 n
504 5049 574 5105 1897
594 5051 625 5103 et
638 5048 701 5116 jum
719 5051 804 5104 entes
816 5046 849 5102 s.
862 5047 895 5102 0.
942 5048 979 5103 il·
1005 5039 1170 5099 Schenkl
1194 5044 1225 5099 iu
1250 5043 1456 5111 Ambroaicniq
1478 5044 1556 5113 quod
1576 5058 1651 5117 opus

338 5118 439 5174 berti
452 5117 565 5191 Lipsiae
580 5126 659 5176 1839.
1005 5116 1082 5173 iufra
1096 5114 1256 5171 citabimus.
