4350 5934
484 644 547 699 243
854 630 934 679 401-
943 630 1004 681 431.
1016 622 1045 677 S.
1056 623 1182 679 Joanues
1195 624 1419 692 chrysostomus.
1724 644 1788 697 244

482 814 516 874 in
537 814 718 890 episcopum,
743 813 774 870 et
797 810 869 887 quia
891 810 1051 871 monachos
1075 810 1124 871 ni·
1150 812 1262 871 tionem
1278 811 1463 890 lugentibus.
1493 811 1529 870 In
1544 811 1648 873 exsilio
1664 812 1790 889 Chryso·

482 904 611 964 trienses
631 903 670 960 ab
685 902 751 977 ipsc
766 903 887 977 propter
904 900 1042 977 Origenis
1058 900 1123 976 opi·
1151 904 1266 961 slomns
1283 900 1456 959 incredibile
1474 906 1521 961 est
1543 904 1618 977 quot
1632 903 1663 961 et
1677 904 1791 977 quanta

482 993 588 1051 niones
602 993 740 1068 Aegypto
760 989 899 1065 expulsos
921 988 1011 1048 nimis
1032 990 1123 1049 bena·
1151 992 1396 1067 muloperpessus
1412 990 1461 1060 sit,
1478 991 1509 1049 et
1523 1009 1614 1066 quam
1626 991 1737 1051 multos
1752 989 1790 1049 ad

482 1081 548 1140 vole
563 1082 726 1155 exceperat,
751 1078 897 1148 incitavit,
922 1081 957 1139 ut
979 1078 1016 1137 de
1032 1078 1123 1155 Chry·
1150 1080 1225 1139 Jesu
1241 1080 1352 1139 Christi
1367 1078 1455 1138 fidem
1471 1076 1713 1162 converterit1).‘
1732 1080 1790 1138 Ex·

482 1173 611 1229 sostomo
627 1168 799 1245 deponendo
815 1184 933 1226 oausam
952 1167 1123 1227 instrueret.
1151 1170 1269 1229 horruit
1283 1168 1476 1229 Innocentius
1492 1167 1515 1239 I,
1541 1168 1682 1245 adquam
1698 1169 1790 1245 Chry·

482 1258 573 1318 Venit
593 1258 646 1317 ille
667 1256 789 1334 praesul
804 1256 981 1316 ambitiosus
996 1276 1065 1316 cum
1082 1266 1121 1319 25
1152 1261 1300 1318 sociemus
1342 1258 1379 1317 ab
1410 1258 1515 1332 inique
1553 1257 1790 1317 adversariorum

482 1348 629 1424 episcopis
654 1346 812 1423 aegyptiis,
837 1345 891 1422 qui
917 1364 984 1405 cum
1008 1347 1125 1420 aliquot
1151 1347 1299 1407 sententia
1315 1345 1524 1422 appellaverat,
1537 1345 1675 1421 judicum
1691 1346 1790 1423 illogi-

481 1435 630 1512 episcopie
655 1435 851 1511 suffraganeis
881 1435 1022 1494 ecclesiae
1054 1452 1123 1494 oon·
1149 1438 1293 1497 timorum
1304 1435 1457 1495 audaciam
1469 1435 1640 1509 fastumque
1651 1432 1791 1517 (Palla-

482 1523 764 1601 stantinopolitanae
788 1523 931 1582 famosam
952 1524 1123 1583 habuerunt
1151 1526 1239 1585 dius
1261 1526 1293 1584 in
1311 1525 1373 1583 vita
1389 1524 1601 1601 chrysostomi)
1616 1527 1707 1600 etque
1722 1542 1790 1583 san·

482 1615 630 1692 synodum
654 1613 692 1671 ad
714 1613 861 1682 Quercum
886 1612 996 1672 dictam
1020 1610 1122 1695 (403).
1150 1618 1232 1674 ctum
1241 1614 1406 1690 praesulem
1418 1632 1488 1673 suae
1498 1613 1635 1673 restituit
1649 1612 1721 1683 sedi,
1738 1612 1790 1671 sed

483 1704 611 1763 Vocatus
637 1703 867 1779 chrysostomus
896 1702 995 1761 noluit
1019 1702 1066 1761 illi
1091 1722 1123 1762 se
1150 1704 1308 1763 incassum.
1338 1704 1394 1763 Tot
1408 1702 1495 1761 malis
1517 1705 1549 1761 et
1570 1702 1791 1761 calamitatibus

482 1793 587 1852 sistere
602 1795 707 1867 utpote
730 1790 914 1868 illegitimae.
945 1790 982 1849 In
1005 1810 1039 1850 ea
1063 1791 1124 1850 fuit
1150 1792 1384 1853 affectusfuitin
1398 1792 1505 1851 itinero
1521 1811 1538 1849 s
1553 1791 1710 1861 militibus,
1729 1794 1790 1849 tem

482 1882 644 1958 depositus,
671 1899 761 1955 quam
785 1880 1002 1955 depositionem
1028 1880 1122 1957 impe·
1150 1882 1270 1941 horrida
1285 1884 1370 1939 erant
1385 1882 1456 1946 loco,
1482 1881 1515 1939 in
1530 1899 1607 1956 quae
1623 1878 1791 1941 abduceba-

481 1972 562 2031 rator
581 1969 740 2029 imbecillis
761 1972 857 2027 ratam
872 1969 980 2027 habuit
994 1988 1123 2045 eumque
1150 1974 1209 2041 tur,
1233 1974 1269 2030 ut
1291 1970 1409 2029 itineris
1432 1970 1590 2045 exsiliique
1605 1967 1791 2029 difficultati·

481 2060 513 2118 in
529 2059 668 2119 exsilium
683 2057 778 2135 ejecit
794 2056 858 2126 Qus
868 2058 1020 2118 occasione
1029 2059 1122 2135 Chry·
1149 2061 1207 2119 bus
1232 2059 1422 2120 succubuerit
1444 2062 1533 2133 atque
1556 2076 1642 2134 saepe
1663 2058 1791 2135 ingemi·

481 2152 632 2207 sostomus
647 2147 829 2223 stupendum
845 2147 952 2206 hebuit
975 2149 1010 2206 de
1024 2147 1122 2207 Eccle-
1150 2168 1226 2209 nans
1242 2150 1313 2219 ,Deo
1329 2148 1425 2225 gloria
1446 2151 1569 2224 propter
1590 2148 1698 2207 omnia·
1722 2164 1790 2205 san-

480 2240 542 2297 sioe
556 2237 796 2311 indefectibililole
811 2254 985 2305 sermonem,
1002 2240 1122 2311 sponte·
1150 2240 1310 2297 ctissimam
1327 2240 1446 2295 demum
1462 2238 1590 2296 animaru
1607 2237 1668 2296 Deo
1690 2235 1790 2295 reddi·

482 2344 541 2401 que
557 2344 589 2385 se
603 2325 728 2385 tradidit
736 2326 877 2401 potestati
888 2326 1023 2393 seculari,
1040 2329 1074 2383 ut
1091 2326 1123 2385 in
1151 2328 1229 2387 derit
1247 2337 1294 2390 14.
1312 2326 1390 2403 Sept.
1403 2336 1465 2389 407
1479 2326 1622 2385 (lomense
1638 2325 1671 2383 in
1686 2325 1791 2386 Ponto.

481 2414 621 2473 exsilium
644 2414 856 2474 abduceretur:
879 2415 931 2473 sed
952 2433 1020 2473 mox
1043 2415 1121 2473 sedi·
1150 2415 1321 2475 Adversarii
1344 2416 1410 2490 ejus
1433 2414 1567 2475 nondum
1581 2414 1678 2489 ipsius
1695 2418 1790 2473 morte

480 2506 562 2563 tione
584 2503 690 2579 populi
711 2506 833 2579 propter
854 2504 919 2579 ejus
941 2504 1123 2562 desiderium
1150 2505 1284 2565 contenti
1300 2504 1502 2563 saevissimam
1525 2504 1557 2562 in
1580 2502 1742 2579 discipulos
1761 2508 1792 2562 et

480 2593 642 2668 imperator
678 2592 820 2661 territus,
859 2611 928 2651 eum
965 2593 1122 2654 revocavit.
1151 2593 1252 2653 fideles
1268 2594 1297 2653 ei
1310 2596 1462 2669 tamquam
1471 2592 1558 2652 unice
1567 2592 1702 2668 legitimo
1711 2591 1792 2668 patri

481 2680 578 2750 Quare
593 2700 617 2744 s.
633 2681 753 2756 praesul
768 2680 858 2739 rediit
870 2681 1041 2739 admirabili
1050 2682 1122 2741 oiri·
1149 2683 1343 2743 adhaerentes
1358 2682 1526 2741 excitarunt
1544 2682 1791 2756 persecutionem,

480 2770 554 2829 tatis
578 2771 687 2845 plausu
710 2773 857 2846 receptus.
894 2769 1026 2838 ,Verum
1055 2790 1121 2829 cum
1150 2772 1263 2847 diuque
1279 2771 1379 2831 tenuit
1394 2769 1553 2829 dissidium
1569 2788 1719 2829 romanam
1745 2788 1791 2829 se·

480 2859 613 2937 perditos
624 2876 722 2919 mores
732 2859 885 2935 increpare
894 2877 955 2917 uon
965 2858 1123 2919 desisteret
1150 2862 1216 2920 dem
1227 2861 1308 2920 inter
1316 2862 1348 2921 et
1357 2860 1510 2935 praesules
1520 2858 1790 2919 interiminsedem

481 2953 512 3008 et
533 2948 570 3007 ad
592 2950 762 3025 argenteam
776 2946 928 3007 Eudoxias
944 2950 1074 3007 statuam
1091 2948 1121 3007 iri
1150 2950 1499 3025 constantinopolitanam
1525 2948 1666 3018 intrusos,
1700 2947 1792 3007 donec

480 3040 543 3097 foro
566 3055 590 3096 s.
606 3036 730 3113 Sophiae
746 3038 832 3097 ludos
855 3037 919 3096 fieri
940 3037 1121 3113 prohiberet,
1151 3039 1331 3099 Theodosius
1351 3037 1470 3097 Arcadii
1493 3036 1573 3097 filius
1592 3054 1701 3113 corpus
1724 3055 1791 3095 san·

481 3126 698 3202 conspiratione
711 3125 900 3184 inimicorum
915 3126 1121 3202 episcoporum
1150 3128 1277 3187 ctissimi
1313 3127 1461 3203 praesulis
1495 3125 1791 3185 honorificentissime

478 3216 591 3275 iterum
600 3215 734 3273 exsulare
745 3216 870 3291 cogitur,
881 3214 981 3274 viduis
993 3219 1024 3273 et
1032 3234 1122 3292 egen·
1151 3216 1437 3293 Constantinopolim
1452 3214 1690 3275 transferendum
1706 3232 1791 3273 curo·

477 3304 561 3364 tibus
576 3304 715 3363 omnibus
725 3303 891 3362 eommunis
900 3305 1035 3379 parentis
1045 3305 1122 3379 ejeo-
1150 3306 1228 3365 verit
1251 3312 1282 3365 et
1304 3324 1401 3365 coram
1420 3323 1454 3363 eo
1477 3322 1529 3380 pro
1548 3304 1724 3379 parentibus
1740 3322 1790 3362 re·

1150 3394 1230 3453 uiam
1257 3395 1296 3453 sit
1320 3395 1468 3471 precatus,
1494 3396 1524 3452 et
1542 3410 1650 3452 nomeu
1666 3391 1791 3451 Josnuia

478 3491 514 3529 ΘΧ
526 3474 649 3541 antiqua
661 3473 792 3527 versione
811 3490 927 3527 armena
947 3471 977 3527 in
998 3472 1122 3527 latinum
1150 3486 1303 3559 tamquam
1327 3483 1453 3559 legitimi
1476 3482 1606 3557 episcopi
1638 3482 1669 3540 jn
1695 3500 1791 3541 sacras

480 3562 636 3600 sermonem
649 3544 801 3598 transtulit
811 3544 959 3611 ediditque
973 3543 1123 3598 Aucher
1150 3572 1268 3631 tabulas
1284 3572 1377 3631 fuerit
1391 3572 1519 3630 relatum

479 3615 609 3669 Venetiis
623 3619 700 3673 1827.
724 3615 854 3683 Reliquit
875 3619 904 3668 et
916 3614 1122 3685 expositionem
1521 3613 1528 3628 '

479 3686 1122 3756 irrep.odGclotas,quaeperiit,etdeteptr'emo

478 3769 502 3813 er
512 3762 675 3814 solemnitate
685 3757 1006 3826 Epiplonloelibellum,
1019 3757 1071 3825 qui
1079 3759 1123 3811 eat
1205 3758 1275 3813 133.
1299 3749 1553 3819 ,Multitudiuerm
1585 3749 1727 3825 pictatem
1758 3767 1791 3807 sc

478 3830 556 3885 hom.
571 3836 604 3886 13
617 3848 638 3882 ⁸·
652 3828 794 3883 Basilii
814 3828 853 3885 Μ·
872 3828 1008 3899 (iligna
1021 3829 1122 3893 XXXI,
1150 3839 1336 3913 splendorem
1367 3839 1558 3909 concionum,
1599 3838 1791 3913 prosequitur

477 3904 639 3983 4²3*4.“)2
661 3916 736 3984 qtae
749 3917 856 3981 fem
878 3900 909 3955 in
931 3901 1060 3983 Y⁰r⁸i⁰¹¹e
1080 3917 1122 3955 Ἡ·
1149 3928 1227 3986 idem
1253 3928 1448 3997 Breviariam,
1474 3930 1700 4003 ceterorumque
1726 3928 1790 4001 ejus

477 3990 561 4029 meua
585 3991 642 4043 ipsi
666 3974 806 4025 tnburtnr
830 3972 866 4025 cf.
892 3972 1017 4055 Mrgne
1038 3972 1122 4033 LXV,

477 4050 575 4101 9-29.
589 4078 620 4087 β
635 4043 790 4097 Attiou,
811 4046 879 4111 post
898 4044 1038 4098 Amnum
1063 4043 1122 4113 epi,
1149 4017 1337 4092 scriptorum,
1360 4016 1577 4091 interpretandi
1593 4018 1683 4075 etiam
1698 4016 1790 4074 ratio-

478 4113 1122 4185 seopusintruaueineedemconstantinopoli-
1149 4124 1226 4175 uem,
1250 4110 1279 4164 et
1296 4106 1499 4165 inhaerentem
1517 4104 1682 4164 sententiae
1699 4123 1738 4164 ss.
1754 4104 1790 4162 li·

477 4188 575 4239 tanam
598 4193 733 4256 (406-10
755 4185 817 4241 00l·
838 4194 891 4242 425
906 4189 949 4242 ⁹⁰¹
962 4189 1035 4257 sel),
1056 4190 1123 4256 P0⁸l
1149 4195 1269 4253 brorum
1280 4194 1516 4271 explanationem
1527 4212 1627 4253 omnes
1642 4193 1790 4253 admiran-

477 4261 597 4338 ¹¹¹⁰¹ie¹¹¹
621 4276 642 4309 ⁸·
655 4256 776 4337 J⁰P¹¹¹¹i⁸
796 4257 1020 4339 ldlmP10t5⁸²¹l
1039 4258 1121 4337 imm'
1148 4286 1214 4341 tur:
1231 4283 1415 4360 dignumque
1425 4282 1605 4352 existimant,
1621 4282 1669 4341 cui
1679 4282 1790 4341 Paulus

477 4331 571 4383 cento
594 4330 713 4382 statutis
731 4329 946 4383 condrtronrbus
964 4329 1120 4396 legitimus,

477 4400 571 4454 celum
584 4398 712 4455 ostendit
729 4399 762 4452 in
774 4401 940 4464 haereticos,
960 4400 1120 4456 utaCoe-
1149 4373 1310 4448 ⁸P⁰⁸f⁰lusv
1343 4392 1431 4449 ‘luem
1462 4372 1514 4429 ille
1539 4371 1661 4431 mirifice
1687 4372 1789 4442 ‘mitt

476 4471 623 4525 lestino
636 4472 650 4525 l
662 4471 806 4526 diceretur
820 4472 1011 4532 ,fortissimus
1024 4472 1120 4526 catbo-
1149 4461 1291 4521 scribenti
1307 4466 1337 4520 el
1353 4460 1536 4537 praedicanti
1552 4462 1647 4521 multu
1662 4460 1790 4519 dictsssse

475 4541 549 4597 licut
559 4543 629 4624 fidei
642 4549 865 4624 propugsssslqrs‘·
885 4560 978 4613 pssuffl
991 4543 1120 4610 reliquit.
1148 4548 1324 4632 videatur2).
1332 4558 1347 4589 ¹
1366 4550 1409 4608 Ex
1419 4550 1464 4608 his
1475 4550 1602 4608 homiliis
1613 4550 1709 4609 multa
1719 4557 1791 4608 sunt

477 4630 687 4680 quaerurenres
694 4614 773 4683 apud
781 4613 825 4667 ur
830 4634 849 4683 g
855 4632 894 4668 nc
903 4616 986 4678 bxv,
994 4617 1121 4671 637-679.

477 4686 700 4740 bennadius
712 4702 736 4738 c.
750 4692 784 4741 52
796 4688 884 4739 refert
896 4704 961 4741 euru
974 4686 1120 4756 scripsisse

478 4757 533 4817 „ad
545 4756 659 4827 reginas
672 4757 789 4810 Arcadii
811 4756 880 4826 imp.
893 4757 968 4811 filias
985 4760 1018 4811 de
1027 4762 1080 4823 fide
1092 4760 1122 4811 et
1188 4759 1206 4827 ¹)
1220 4756 1263 4809 lta
1277 4754 1456 4811 Breviorium
1475 4774 1544 4813 rom.
1564 4757 1629 4813 lect.
1643 4767 1658 4813 5
1671 4756 1703 4809 in
1717 4757 1788 4809 t'esto

475 4832 630 4895 clrplns'tere
640 4828 748 4883 librum
760 4827 844 4881 valde
854 4828 1010 4899 egregium,
1020 4826 1052 4882 in
1062 4846 1120 4897 quo
1149 4828 1238 4880 nostri
1253 4828 1351 4882 sancti.
1364 4827 1407 4885 ef.
1420 4830 1558 4898 opuscula
1571 4832 1600 4881 et
1612 4826 1745 4882 bornilias
1753 4826 1790 4879 orl

477 4899 665 4969 praeveniens
679 4900 876 4954 nestorianum
889 4899 995 4968 dogma
1007 4899 1120 4971 impug-
1148 4899 1200 4953 has
1213 4901 1311 4953 turbas
1324 4902 1486 4968 spectantes
1505 4900 1581 4953 locta
1595 4898 1790 4969 dignissimas,

478 4973 561 5026 nats·
575 4970 627 5039 qui
639 4975 736 5025 tamen
746 4970 842 5042 periit
855 4970 954 5024 Graeci
966 4987 1032 5025 eum
1044 4970 1121 5025 iuter
1147 4986 1220 5038 quas
1245 4970 1369 5039 Migue
1394 4974 1414 5024 t.
1439 4971 1488 5025 Lll
1516 4970 1648 5025 collectas
1673 4970 1791 5024 exhibet

477 5045 591 5097 sanctos
611 5042 749 5099 colunt8.
761 5044 836 5106 lan,
856 5040 924 5095 hino
943 5045 974 5096 et
994 5042 1026 5097 in
1038 5044 1120 5097 Act's
1148 5060 1177 5110 p.
1190 5048 1341 5097 sel-54³.

478 5113 525 5169 St'.
537 5130 632 5169 mense
644 5112 710 5167 Jan.
732 5115 768 5168 de
788 5132 821 5169 eo
834 5113 932 5183 agitur
945 5115 964 5176 l,
978 5118 1120 5173 est-482
1185 5118 1205 5183 ²)
1219 5112 1282 5165 Jein
1296 5130 1318 5166 s.
1332 5112 1505 5167 isidorus
1522 5111 1668 5167 Pelusicta
1682 5128 1726 5181 ep.
1741 5111 1760 5166 l.
1774 5119 1789 5165 5

478 5184 575 5257 (etiam
588 5186 665 5256 apud
679 5184 804 5255 Migne
818 5186 839 5238 l.
851 5188 895 5257 c).
1148 5200 1190 5254 ep.
1205 5190 1240 5239 32
1253 5182 1382 5255 scripsit:
1409 5184 1457 5245 ,ln
1478 5184 1523 5239 his
1536 5182 1789 5255 explanationibus
