4350 5934
433 548 437 557 Ι
503 603 565 668 255
954 593 1104 643 sor-431.
1118 588 1144 641 S.
1158 584 1358 655 Hieronymus.
1747 604 1764 657 2
1770 604 1810 659 56

501 773 537 832 ad
554 774 713 832 Damasum
729 772 905 849 pontificem,
928 774 1040 850 quibus
1056 774 1141 834 enixe
1168 772 1277 850 dignus
1300 790 1416 831 summo
1440 771 1607 832 sacerdotio
1624 772 1811 833 decernebar.

500 864 594 939 rogat,
611 864 648 920 ut
662 862 876 921 controversias
889 864 1059 922 authentice
1069 863 1140 922 diri·
1170 863 1201 920 Β.
1226 862 1384 921 memoriae
1409 862 1563 931 Damasus,
1595 880 1681 921 meus
1712 880 1810 933 sermo

500 948 603 1032 mat1).
636 951 719 1028 ,Ego
741 952 861 1009 nullum
884 952 1021 1027 primum,
1051 953 1140 1029 profi·
1168 953 1240 1012 erat.
1265 950 1388 1010 Dicebar
1404 952 1535 1022 sanctus,
1553 950 1671 1009 dicebar
1686 951 1810 1011 humilis

499 1043 583 1099 tetur
607 1058 653 1115 ep.
673 1051 709 1104 15
734 1059 764 1101 n.
782 1049 809 1110 2,
835 1040 892 1099 uisi
917 1041 1067 1100 Christum
1094 1060 1140 1101 se·
1167 1042 1199 1098 et
1213 1038 1375 1102 disertus.⁴1

501 1148 603 1203 quens,
626 1128 809 1189 beatitudini
822 1132 892 1189 tuae
909 1129 929 1187 i.
944 1149 969 1187 e.
985 1130 1140 1189 cathedrae
1706 1192 1709 1199 ,

500 1218 591 1289 Petri,
622 1219 829 1278 commuuione
854 1218 1018 1279 consocior:
1048 1237 1141 1293 super
1209 1217 1399 1281 treverum
1408 1212 1809 1301 Damasomortuo(a.384),

499 1307 581 1366 illam
618 1309 733 1382 petram
766 1306 949 1366 aedificatam
979 1308 1140 1367 Ecclesiam
1167 1306 1246 1381 apud
1269 1325 1357 1382 quem
1376 1307 1540 1383 plurimum
1557 1308 1736 1367 auctoritate
1761 1327 1811 1366 va-

500 1396 570 1455 scio.
606 1394 784 1471 Quicunque
813 1400 896 1455 extra
919 1397 994 1456 hanc
1018 1396 1139 1457 domum
1168 1395 1235 1465 luit,
1251 1396 1363 1454 electus
1379 1398 1427 1455 est
1436 1395 1565 1465 Sinicius,
1582 1398 1613 1455 et
1629 1396 1734 1456 exinde
1750 1397 1809 1457 cle·

500 1504 610 1561 egnum
633 1485 803 1561 comederit,
827 1486 969 1562 profanus
994 1489 1041 1545 est
1062 1489 1139 1545 etc‘
1167 1483 1230 1555 rici,
1247 1484 1383 1544 monachi
1399 1488 1430 1543 et
1442 1484 1581 1561 virgines,
1598 1503 1725 1560 quornm
1737 1486 1812 1545 vitia

499 1576 528 1631 A
543 1592 566 1633 s.
581 1573 715 1643 Paulino,
732 1573 818 1649 cujus
833 1578 933 1651 partes
949 1575 1138 1652 sequebatur,
1167 1578 1268 1648 aperte
1284 1578 1316 1631 et
1331 1573 1423 1632 libere
1439 1573 1539 1633 verbis
1550 1592 1637 1650 saepe
1648 1575 1810 1635 occulcatis

500 1662 657 1721 ordinatus
672 1666 727 1732 est,
751 1664 802 1721 sed
826 1664 949 1735 invitus,
974 1663 1140 1741 presbyter.
1167 1665 1325 1737 carpserat,
1349 1662 1556 1722 vehementius
1580 1682 1651 1721 eum
1672 1664 1811 1738 impetie-

500 1752 691 1812 Amonechis
707 1751 826 1811 Meletio
842 1752 1013 1812 faventibus
1028 1753 1140 1812 multas
1168 1752 1248 1822 runt,
1274 1752 1384 1826 sparsis
1408 1751 1498 1811 etiam
1522 1751 1694 1811 calumniis:
1720 1772 1812 1827 qnare

500 1858 607 1915 passus
621 1841 852 1903 estserationss.
875 1843 963 1900 Fama
972 1860 995 1905 s.
1004 1842 1141 1919 Gregorii
1168 1838 1254 1898 Urbis
1269 1844 1424 1915 pertaesus
1449 1841 1482 1899 in
1499 1840 1652 1900 Orientem
1667 1842 1811 1901 remeavit

501 1947 563 1988 naa.
572 1932 717 1989 attractus
728 1930 1013 2006 Constantinopolim
1030 1949 1061 1990 se
1071 1950 1140 1990 con·
1169 1922 1262 2010 (385)
1289 1948 1342 2005 per
1358 1929 1498 2005 Cyprum,
1522 1930 1575 1989 ubi
1597 1930 1812 1989 humanissima

500 2018 575 2076 tulit
592 2013 693 2101 (379),
719 2022 755 2077 ut
777 2038 812 2077 eo
827 2020 970 2096 magistro
986 2020 1142 2097 proficeret
1168 2021 1308 2094 exceptus
1324 2018 1383 2078 fnit
1399 2018 1435 2077 ab
1451 2018 1627 2095 Epiphanio,
1651 2022 1682 2078 et
1704 2020 1811 2077 Antio-

500 2106 532 2165 in
564 2110 628 2165 arte
658 2125 698 2169 ss.
723 2107 890 2183 Scripturas
915 2108 1141 2185 interpretandi.
1169 2108 1265 2167 chiam
1281 2107 1382 2183 Syriae
1398 2108 1430 2166 in
1442 2107 1616 2167 Bethlehem
1632 2107 1740 2179 locum,
1757 2108 1812 2171 ubi

500 2195 557 2253 Hic
587 2196 676 2254 etiam
707 2196 839 2271 impense
865 2197 986 2257 lectioni
1017 2217 1140 2274 operum
1168 2196 1318 2271 reliquum
1335 2196 1413 2255 vitae
1431 2196 1515 2273 degit
1530 2196 1692 2255 aedificatis
1709 2216 1811 2257 mone-

500 2287 621 2361 patrum
636 2289 667 2344 et
682 2283 858 2361 scriptorum
873 2305 1054 2363 graecorum,
1075 2286 1140 2345 Ori·
1169 2284 1278 2356 storiis,
1295 2304 1356 2345 nno
1367 2304 1420 2360 pro
1429 2286 1512 2354 viris,
1530 2286 1579 2344 cui
1597 2285 1809 2363 ipseprasfuit,

501 2375 586 2451 genis
608 2374 783 2449 praesertim
804 2378 835 2433 et
856 2376 978 2443 Eusebii
1000 2394 1074 2438 caes.
1096 2376 1141 2433 in·
1168 2373 1260 2432 altero
1290 2392 1344 2450 pro
1374 2374 1543 2451 virginibus
1568 2374 1624 2433 sub
1649 2374 1811 2434 directione

501 2463 615 2522 cubuit.
639 2464 1032 2523 Necessitateecclesiustica
1040 2468 1140 2523 motus
1169 2461 1609 2523 Paulasnobilissimaevidnae
1624 2482 1763 2523 romanae
1781 2469 1812 2523 et

501 2545 567 2632 (pro
577 2554 778 2627 componendo
786 2553 946 2612 schismate
955 2548 1141 2634 autiocheno)
1168 2551 1305 2627 hospitiis
1322 2570 1374 2627 pro
1390 2554 1564 2629 peregrinis.
1596 2552 1718 2611 Sanctus
1742 2553 1810 2611 illes

501 2642 624 2699 Romam
649 2659 681 2699 se
697 2642 825 2701 contulit
840 2642 996 2717 haesitque
1011 2642 1043 2701 in
1058 2642 1141 2701 obse·
1168 2640 1293 2699 feminas
1316 2640 1348 2699 in
1371 2642 1461 2700 sacris
1484 2641 1620 2700 instituit
1642 2642 1749 2713 literis,
1774 2641 1810 2699 ad

503 2728 576 2804 quio
592 2748 614 2791 s.
631 2730 756 2800 Damasi,
779 2749 907 2806 eumque
922 2732 954 2789 in
969 2732 1078 2790 chamis
1095 2750 1141 2790 ec·
1169 2728 1275 2787 fratres
1293 2748 1442 2789 sermones
1463 2730 1577 2801 habuit,
1604 2731 1718 2791 scholas
1742 2749 1810 2806 ape-

502 2818 676 2878 clesiasticis
693 2820 777 2893 juvit
800 2824 830 2878 et
853 2820 983 2879 Orientis
1000 2820 1141 2879 Occiden-
1168 2818 1231 2876 ruit
1254 2836 1307 2893 pro
1330 2818 1399 2877 filiis
1416 2819 1553 2883 divitum.
1586 2818 1810 2897 Rigidissimem

501 2908 602 2984 tisque
624 2908 772 2984 synodicis
798 2909 1069 2968 consultationibus
1095 2927 1140 2967 re·
1169 2906 1280 2965 ibidem
1296 2908 1382 2965 duxit
1405 2909 1504 2978 vitam,
1530 2908 1622 2967 simul
1638 2910 1739 2967 tamen
1755 2909 1811 2967 im-

501 2997 623 3073 spondit
653 2993 711 3079 (ep.
740 3007 799 3061 123
826 3018 854 3057 n.
883 2992 956 3079 lu).
996 3000 1141 3057 Damasus
1169 2996 1346 3071 pensissime
1357 2997 1466 3056 studiis
1483 3015 1514 3055 ss
1531 2998 1641 3055 dicavit
1656 2997 1810 3057 addiscen-

501 3105 580 3158 vero,
595 3087 649 3163 qui
663 3106 731 3145 eum
748 3088 868 3146 maximi
882 3087 962 3158 fecit,
978 3087 1077 3163 ipsum
1094 3088 1140 3145 in·
1169 3084 1276 3160 disque
1291 3086 1338 3145 vel
1360 3091 1451 3146 noctu
1466 3086 1579 3163 linguis
1595 3087 1746 3146 hebreicae
1762 3086 1811 3144 vel

501 3176 604 3235 citsvit
612 3175 649 3234 ad
659 3175 837 3235 difficiliores
849 3196 872 3239 s.
882 3176 1052 3252 Scripturas
1062 3177 1142 3235 locos
1169 3174 1336 3245 aramaicae,
1361 3193 1477 3235 summa
1491 3175 1592 3233 fruens
1616 3194 1697 3249 pace,
1720 3194 1811 3249 quam

501 3263 749 3339 interpretandos,
769 3268 805 3323 nt
820 3265 990 3341 Evangelia,
1014 3284 1141 3340 quorum
1169 3263 1289 3321 demum
1305 3264 1337 3322 in
1347 3282 1443 3323 eremo
1453 3265 1577 3323 invenit.
1603 3264 1648 3322 Ad
1665 3264 1720 3324 hoc
1735 3267 1810 3323 tem-

501 3353 600 3411 variae
652 3352 934 3412 circumferebantur
979 3355 1140 3422 versiones,
1170 3370 1227 3428 pus
1244 3355 1379 3427 spectant
1397 3372 1473 3428 quae
1497 3352 1591 3421 daeo
1614 3352 1693 3428 apud
1710 3353 1811 3428 Sulpi-

501 3442 582 3500 intcr
603 3458 635 3498 se
658 3444 704 3499 sat
719 3441 852 3501 dissonas
867 3442 904 3500 ad
920 3443 1035 3501 codices
1050 3443 1141 3519 origi-
1169 3442 1248 3499 cium
1280 3441 1423 3501 Severum
1447 3442 1515 3505 disi.
1545 3453 1571 3511 1,
1605 3452 1633 3513 9,
1665 3442 1810 3519 legimus:

501 3529 585 3587 nales
616 3529 805 3590 reformaret:
831 3535 921 3606 atque
943 3531 1012 3591 hinc
1034 3536 1141 3590 enatus
1170 3529 1254 3605 ,Ego
1293 3526 1407 3609 (inquit
1444 3528 1686 3608 Posthumianus)
1731 3530 1811 3606 apud

502 3622 548 3677 est
562 3616 647 3675 labor
661 3618 850 3695 praecipuus,
875 3620 928 3695 qui
943 3638 1011 3678 cum
1026 3639 1079 3695 per
1095 3623 1140 3679 to·
1170 3618 1386 3694 Hieronymum
1416 3638 1466 3679 sex
1492 3620 1647 3679 mensibus
1677 3619 1731 3689 fui,
1762 3620 1811 3678 cui

501 3708 563 3765 tam
578 3706 639 3765 fere
654 3707 798 3783 reliquam
809 3710 903 3767 vitam
913 3710 1077 3785 occupavit,
1094 3709 1143 3767 vel
1165 3706 1249 3783 jugis
1266 3708 1408 3769 adversus
1424 3710 1517 3767 malos
1539 3728 1641 3785 pugna
1669 3711 1810 3785 perpetu·

502 3795 647 3863 vertendi,
672 3797 720 3855 vel
743 3797 920 3856 emendandi
943 3799 1095 3857 versiones
1119 3816 1140 3856 s.
1169 3814 1280 3871 umque
1297 3800 1444 3856 conamen
1467 3798 1596 3857 concivit
1617 3798 1685 3857 odia
1709 3796 1811 3872 perdi-

502 3884 680 3961 Scripturaa,
706 3888 796 3961 atque
821 3885 969 3963 gradatim
993 3887 1142 3963 interpre-
1169 3888 1276 3944 torum.
1315 3886 1447 3945 Oderunt
1472 3906 1539 3945 eum
1565 3886 1713 3957 haeretici,
1741 3885 1812 3963 quie

501 3974 585 4033 tundi
602 3992 624 4032 s.
641 3974 809 4050 Scripturas
828 3975 937 4035 libros:
959 3995 1019 4052 quc
1041 3976 1142 4035 labore
1170 3992 1219 4033 eos
1246 3994 1418 4052 oppugnare
1444 3994 1504 4035 non
1530 3975 1654 4034 desinit:
1682 3974 1812 4033 oderunt

500 4063 678 4122 immortalia
691 4064 1143 4141 sibicomparavitprouuiversa
1170 4063 1277 4133 clerici,
1294 4065 1365 4139 quia
1380 4064 1471 4122 vitam
1486 4082 1589 4123 eorum
1603 4064 1766 4124 insectatur
1782 4066 1812 4121 et

502 4152 633 4211 Ecclesia
657 4153 831 4212 occidentali
857 4154 894 4212 ad
918 4158 1021 4212 nostra
1046 4172 1142 4229 usque
1170 4151 1302 4210 crimina.
1334 4152 1390 4211 Sed
1413 4153 1499 4229 plane
1522 4172 1591 4211 eum
1614 4153 1686 4212 boni
1710 4170 1811 4211 ornnes

501 4244 636 4317 tempora
644 4242 757 4305 merita.
781 4242 889 4301 Romae
899 4242 957 4301 viri
971 4247 1001 4300 et
1016 4243 1142 4301 feminae
1170 4239 1356 4299 admirantur
1370 4244 1401 4299 et
1417 4242 1558 4319 diligunt,
1582 4262 1650 4301 uam
1674 4241 1727 4319 qui
1743 4260 1811 4301 sum

501 4330 701 4389 nobilissimae
716 4334 806 4406 atque
820 4332 1061 4408 opulentissimae
1077 4333 1143 4407 ejus
1171 4330 1352 4389 haereticum
1363 4348 1426 4389 esse
1437 4330 1630 4403 arbitrantur,
1647 4330 1811 4389 insaniunt.

502 4437 532 4477 se
542 4419 986 4495 tradideruntdisciplinaetam
1002 4420 1034 4479 in
1049 4421 1142 4479 ascesi
1173 4418 1243 4477 Vere
1260 4419 1394 4489 dixerim,
1412 4420 1555 4479 catholica
1570 4420 1701 4479 hominis
1717 4418 1811 4478 scien·

501 4527 593 4584 quam
607 4508 639 4566 in
656 4508 775 4585 studiis,
790 4511 934 4584 tantaque
943 4509 1074 4584 pollebat
1089 4529 1141 4567 an·
1170 4507 1221 4577 tia,
1246 4526 1317 4566 sana
1340 4508 1474 4567 doctrina
1490 4512 1544 4568 est.
1577 4509 1671 4567 'sotus
1695 4526 1812 4583 semper

501 4597 647 4666 ctoritate,
670 4601 706 4655 ut
728 4597 765 4655 dc
786 4617 816 4656 se
839 4598 876 4656 ad
892 4599 1021 4656 Asellam
1038 4617 1083 4673 ep.
1102 4608 1140 4661 45
1172 4596 1202 4654 in
1219 4596 1354 4667 lectione,
1371 4601 1454 4656 totus
1463 4597 1496 4655 in
1506 4596 1592 4656 libris
1608 4602 1670 4669 est;
1686 4614 1748 4656 non
1762 4596 1811 4655 die

502 4704 526 4745 c.
551 4697 568 4750 3
593 4687 718 4745 scribat:
745 4686 908 4756 ,Omnium
932 4706 1007 4763 pene
1028 4687 1142 4762 judicio
1171 4703 1267 4761 neque
1283 4691 1374 4744 noctu
1390 4687 1564 4761 requiescit;
1587 4690 1640 4745 ant
1663 4685 1739 4763 legit
1754 4684 1811 4743 ali-

1171 4774 1244 4850 quid
1252 4794 1375 4851 semper,
1386 4780 1438 4834 aut
1448 4776 1582 4835 scribit<
1599 4776 1702 4836 Ultimi
1712 4776 1812 4834 tamen

541 4863 560 4928 ¹)
575 4855 669 4909 Habffl
682 4873 728 4910 0⁸⁸
742 4856 817 4910 5¹1le
830 4874 873 4927 ρ1)·
887 4874 908 4909 ⁸·
923 4855 1046 4910 d⁰⁰l⁰fis
1059 4856 1143 4909 89180·
1172 4863 1249 4921 vitas
1272 4865 1342 4923 anni
1359 4865 1431 4923 satis
1447 4866 1563 4924 turbati
1580 4865 1669 4935 fuere,
1693 4866 1811 4923 contro·

502 4930 548 5055 ἑξ
568 4927 690 5053 ἶθῃθέξ
712 4928 814 5009 edim.
826 4927 986 5009 Oinipme
1009 4932 1076 4984 ¹⁸⁷⁰
1097 4927 1143 4991 xl*
1172 4952 1404 5012 versiisacribus
1421 4972 1488 5013 cum
1500 4953 1689 5031 Origenistis,
1706 4952 1812 5011 Rufino

545 5032 568 5039 -
611 5042 617 5052 .
684 5016 699 5052 e
719 5003 788 5053 sunt
807 5016 920 5068 insigne
940 5001 1144 5067 argumentum

502 5088 555 5142 pro
563 5070 688 5140 primatu
697 5070 943 5141 romaniepiscopi
953 5070 1035 5125 veliu
1046 5068 1143 5123 Orien·
1172 5042 1355 5116 praesertim·
1378 5042 1468 5144 {nillq
1479 5042 1601 5145 qllidffi.
1609 5043 1740 5144 mulium
1755 5042 1812 5142 ml·

503 5145 569 5198 tem.
1172 5133 1253 5189 ratus
1269 5134 1332 5190 erat
1348 5131 1485 5209 Origenrs
1501 5151 1665 5210 ingenium,
1682 5150 1742 5191 rmo
1758 5132 1811 5189 alr·
