4350 5934
378 620 439 683 74¹5
723 608 884 680 theganus,
899 607 1040 681 Nigellns‚
1055 608 1243 681 Freculphus,
1256 610 1343 666 Arno.
1623 630 1684 684 745

374 797 422 857 ed.
437 798 469 855 et
484 797 618 855 auctores
635 797 755 867 multos,
779 796 832 872 qui
855 797 891 857 de
914 816 1017 857 sorum
1050 806 1132 862 1889
1150 796 1231 857 inter
1245 797 1494 860 Geschichtsschr.
1515 798 1542 857 d.
1558 798 1586 857 d.
1602 798 1686 859 Vera

374 886 579 965 genuiuitats,
610 886 797 957 recensione,
833 886 1017 947 editionibus
1044 890 1067 945 t.
1086 886 1161 948 XIX.
1184 920 1228 931 -
1251 888 1295 946 De
1315 889 1406 946 rebus
1428 888 1521 963 gestis
1543 885 1686 947 Ludovici

376 974 552 1053 scripserint
567 974 602 1033 cf.
618 975 697 1051 apud
713 974 899 1035 Potthast
913 996 941 1053 p.
954 985 1017 1041 394
1045 976 1092 1035 Pii
1114 994 1232 1035 carmen
1247 976 1411 1054 elegiacum
1429 975 1458 1034 ll.
1477 985 1495 1038 4
1519 978 1688 1053 composuit

373 1066 440 1125 coll.
465 1084 494 1141 p.
519 1073 568 1128 74.
592 1098 636 1107 -
657 1064 792 1123 Historia
817 1067 1018 1125 translationis
1045 1084 1106 1124 non
1127 1065 1239 1140 absque
1260 1064 1375 1142 ingenii
1398 1065 1507 1141 poetici
1528 1085 1604 1125 uena
1617 1066 1685 1130 Iit,-

375 1148 563 1233 (singularis)
575 1147 667 1236 (827)
683 1153 725 1211 bb.
736 1153 843 1213 Christi
854 1154 922 1218 hihi.
933 1156 1016 1213 Mur·
1045 1154 1197 1213 moldus
1222 1149 1428 1236 (Hermoldus)
1454 1153 1637 1232 Nigellus
1667 1176 1687 1214 a

374 1244 469 1303 settim
490 1250 516 1301 rt
537 1242 617 1300 Petri
638 1242 716 1301 belle
738 1242 889 1318 descripta
903 1244 936 1302 iu
951 1246 1016 1305 Act.
1044 1242 1193 1303 Lndorico
1217 1243 1380 1303 mulctatus
1405 1243 1523 1314 exsilio,
1553 1244 1590 1302 ad
1621 1245 1686 1321 ejus

375 1332 424 1392 88.
443 1332 553 1403 Junl,
582 1341 770 1403 174-206ς
795 1332 860 1391 Md.
883 1332 932 1393 SS.
955 1333 1015 1403 XV,
1043 1332 1101 1391 sibi
1130 1333 1374 1393 reconciliandam
1399 1332 1533 1410 gratiam.
1572 1334 1686 1393 Auctor

379 1430 568 1489 238—2643
593 1420 718 1498 iligna
741 1440 769 1497 p.
795 1431 969 1485 537-594
987 1424 1017 1481 ot
1044 1424 1093 1481 est
1107 1422 1254 1495 eruditus,
1271 1424 1369 1483 bouus
1384 1421 1545 1481 historicus
1560 1424 1592 1480 et
1606 1422 1684 1482 fidus

373 1511 524 1587 rhythmice
548 1507 697 1591 (nonnihil
721 1506 844 1588 dubius)
862 1511 897 1571 de
914 1529 1014 1571 eorum
1043 1512 1236 1587 synchronus.
1275 1512 1343 1571 Nou
1367 1511 1445 1571 alius
1469 1510 1589 1570 videtur
1619 1529 1684 1571 esse

372 1600 718 1675 passione.595-601;
738 1600 817 1661 inter
832 1601 896 1660 Mc.
912 1604 1015 1676 poetae
1039 1601 1129 1675 juxta
1152 1600 1344 1661 Muratori
1366 1600 1403 1659 ab
1425 1599 1684 1659 Hermeualdo

371 1688 680 1759 lat.ll,125-135.
710 1688 790 1749 Haec
815 1691 846 1747 et
869 1689 1015 1765 quaedam
1043 1687 1150 1748 abbeie
1166 1690 1329 1761 ananiensi,
1351 1707 1440 1766 quem
1456 1688 1626 1749 Ludosicus
1646 1690 1683 1748 ad

373 1777 434 1837 alia
448 1778 571 1837 collecta
592 1777 688 1837 edidit
710 1797 777 1839 cum
792 1778 929 1839 versione
951 1778 1014 1855 gal-
1043 1778 1185 1855 Pipinum
1206 1778 1303 1839 filium
1315 1797 1404 1837 suum
1420 1777 1580 1855 ablegavit,
1597 1780 1684 1855 cajus

370 1866 432 1927 tica
446 1866 582 1937 Tentat,
597 1866 722 1927 Parisiis
743 1876 969 1935 leto-1843.
1042 1866 1120 1927 forte
1136 1871 1167 1928 et
1181 1868 1376 1928 cancellarius
1391 1866 1459 1928 fuit.
1489 1862 1622 1949 Edidit1)
1644 1868 1683 1927 il-

1042 1956 1095 2016 lud
1111 1957 1304 2017 Muratori
1326 1956 1432 2032 Script.
1454 1975 1509 2015 rer.
1532 1956 1566 2019 it.
1588 1957 1627 2028 11,
1653 1966 1682 2029 2,

353 2005 386 2081 ‘s
419 2056 490 2110 405.
514 2045 610 2103 Vitam
625 2045 777 2107 badonicii
792 2046 840 2104 Pit
855 2046 926 2122 imp.
942 2045 1013 2105 fide·
1046 2055 1173 2111 13-80
1200 2046 1326 2105 eruditis
1349 2045 1537 2104 illustratum
1559 2046 1682 2105 anneta·

371 2136 441 2194 liter
465 2134 517 2193 sed
542 2134 719 2210 plerumque
735 2136 839 2215 jejune
855 2134 1014 2210 descripsit
1040 2134 1183 2207 tionibus,
1206 2136 1319 2194 Perta
1341 2134 1681 2204 lion.Ge1m.lI,464·

372 2224 576 2301 theganus
593 2218 721 2305 (Degau)
732 2224 905 2285 trevirensis
922 2225 1013 2283 eccle·
1042 2234 1122 2297 5233
1138 2224 1268 2302 iligna
1284 2223 1340 2301 CV,
1359 2224 1681 2293 oce-64030iimm-

371 2314 433 2373 siae
449 2312 678 2389 chorepiscopus
694 2314 731 2371 ab
746 2332 771 2375 a.
784 2322 846 2377 814
862 2332 960 2390 usque
975 2313 1013 2375 ad
1039 2314 1098 2373 ler
1120 2314 1152 2372 in
1175 2314 1253 2373 Mon.
1271 2312 1367 2375 Germ.
1390 2312 1460 2374 hist.
1480 2316 1558 2387 poet
1573 2312 1625 2371 lat.
1643 2313 1680 2385 II,

368 2422 395 2462 a.
423 2410 495 2473 835,
518 2420 606 2477 quam
632 2402 831 2463 Walahlridus
857 2402 1010 2473 Strabo,
1041 2412 1157 2468 5—91.

368 2492 436 2567 ejus
461 2490 583 2561 amicus,
612 2490 645 2549 in
669 2492 766 2568 capita
789 2490 894 2553 divisit
918 2510 1011 2567 saque

370 2580 524 2656 inscripsit
539 2583 630 2655 atque
652 2580 867 2655 praefationem
882 2580 1011 2659 praemi·
1101 2592 1174 2645 406.
1207 2581 1450 2657 Freculphus
1495 2600 1531 2640 er
1573 2581 1681 2641 elerico

369 2670 418 2739 sit,
442 2669 474 2728 in
497 2688 556 2745 qua
578 2669 615 2728 de
637 2671 739 2729 nostro
755 2674 874 2733 auctore
890 2668 1010 2729 scribit:
1038 2670 1115 2729 forte
1130 2670 1261 2747 palatino
1277 2670 1434 2746 epiecopus
1448 2666 1629 2730 lexoviensis
1643 2672 1680 2729 ab

370 2759 454 2829 ,Hoc
469 2758 647 2834 opusculum
670 2758 704 2817 in
725 2776 838 2821 morem
857 2759 1010 2819 annalium
1037 2780 1062 2823 a.
1090 2754 1357 2843 senesci—850
1384 2756 1482 2840 (juxta
1505 2759 1580 2818 alios
1606 2768 1679 2830 851,

368 2847 488 2924 Thegan
509 2847 630 2906 natione
653 2848 808 2907 Francus.
826 2892 832 2907 .
850 2891 856 2905 .
879 2848 1010 2907 breviter
1039 2857 1103 2913 853
1120 2845 1197 2930 etc),
1213 2848 1335 2925 scripsit
1348 2866 1456 2925 magna
1465 2847 1634 2907 eruditione
1649 2850 1680 2907 et

369 2937 499 3013 quidem,
525 2941 555 2996 et
579 2954 649 2996 sere
673 2935 774 3013 potius
797 2956 888 3017 quam
911 2937 1009 3013 lapide
1037 2937 1182 2998 laudabili
1207 2936 1363 3015 diligentia
1387 2940 1408 2995 t.
1435 2945 1452 2998 2
1479 2937 1680 2996 chronicorum

367 3026 544 3101 composuit.
575 3026 611 3083 In
633 3027 720 3102 cujus
742 3026 921 3101 quibusdam
942 3044 1009 3086 sen·
1037 3027 1074 3087 ab
1090 3047 1116 3088 o.
1132 3047 1156 3087 c.
1171 3027 1208 3085 ad
1224 3047 1249 3086 a.
1266 3036 1345 3090 607:
1371 3024 1450 3102 quod
1467 3043 1542 3103 opus
1558 3025 1677 3102 saepius

367 3115 471 3175 tentiis
496 3115 575 3191 quod
600 3115 721 3175 effusior
744 3119 776 3174 et
800 3114 952 3175 ardentior
977 3115 1009 3175 iu
1036 3116 1156 3192 prodiit,
1173 3116 1303 3193 primum
1318 3114 1456 3175 Coloniae
1473 3124 1574 3185 1530;
1594 3124 1677 3179 1539

368 3204 516 3280 loquendo
540 3202 686 3275 videatur,
713 3208 749 3263 ut
773 3204 820 3265 vir
845 3202 954 3263 nobilis
979 3208 1010 3265 et
1038 3208 1107 3277 etc,
1139 3206 1173 3265 in
1201 3204 1293 3264 variis
1322 3203 1513 3263 bibliothecis
1543 3204 1615 3277 PP.,
1646 3204 1680 3265 iu

364 3293 443 3353 acris
459 3293 559 3363 animi,
576 3293 655 3368 quod
665 3293 702 3353 de
711 3292 893 3370 indignitate
903 3294 1009 3353 vilium
1037 3295 1164 3372 Migae
1180 3296 1211 3355 P.
1222 3293 1253 3356 t.
1263 3292 1333 3364 cvl,
1346 3304 1381 3356 91
1391 3301 1551 3357 7-1258.
1572 3292 1679 3361 ,Diffi-

365 3400 560 3459 personarum
570 3381 656 3441 dolor
665 3382 826 3460 suggessit,
843 3386 939 3442 tacere
949 3401 1009 3442 uon
1037 3382 1177 3443 cultatem
1193 3382 1458 3442 intercurrentium
1468 3382 1679 3458 quaestionum

366 3472 475 3548 potnit.
507 3472 663 3531 Praetores
683 3472 795 3531 nimius
817 3490 899 3531 amor
917 3472 1008 3547 justi·
1037 3473 1164 3532 enodare
1173 3490 1234 3532 non
1242 3470 1385 3548 neglexit,
1400 3472 1487 3530 notat
1500 3470 1679 3549 sigeber·

366 3561 428 3619 tiae
444 3564 474 3619 st
489 3562 671 3620 exsecutoris
687 3562 752 3636 ejus
769 3561 1009 3620 christianissimi
1037 3564 1102 3621 tus
1124 3560 1233 3639 gembl
1256 3559 1292 3619 de
1315 3559 1416 3636 script
1439 3559 1507 3621 eccl
1530 3578 1554 3624 c.
1573 3570 1624 3631 90,
1648 3564 1681 3621 et

367 3650 555 3725 imperatoris
577 3650 631 3708 reli
656 3650 800 3709 naturalis
820 3651 1010 3727 exaggeravit
1036 3649 1254 3727 interponendo
1285 3648 1403 3709 divinae
1427 3648 1568 3709 historiae
1592 3667 1678 3709 secu·

363 3738 508 3801 dolorem.
532 3738 617 3797 Unde
633 3742 778 3815 quantum
796 3739 836 3797 sit
852 3757 927 3814 opus
943 3740 1008 3816 ejus
1038 3740 1115 3798 lares
1131 3738 1280 3809 historias,
1301 3738 1595 3815 contemporalitates
1610 3756 1679 3817 rag·

366 3845 421 3905 pro
437 3826 514 3887 bona
529 3828 691 3895 voluntate,
718 3846 779 3887 non
793 3827 1008 3888 fastidiendum
1035 3846 1142 3888 norum
1158 3828 1217 3888 sibi
1232 3831 1373 3905 coaptans
1388 3827 1609 3888 consummavit
1623 3828 1679 3887 hoc

366 3934 421 3993 pro
444 3916 709 3993 quantulacunque
739 3918 915 3978 rusticitate.
946 3916 1008 3977 No·
1036 3918 1159 3994 opusin
1176 3911 1387 4000 septem(X11)
1404 3916 1522 3975 libris‘
1547 3916 1678 3977 Meliori-

368 4006 467 4064 vimus
484 4007 584 4064 atnoe
600 4006 696 4064 viram
713 4007 810 4064 multa
819 4006 946 4065 lectione
961 4006 1008 4065 in·
1036 4007 1094 4066 bus
1110 4007 1158 4066 sui
1173 4006 1319 4081 temporis
1335 4004 1485 4064 historicis
1499 4006 1595 4064 meret
1607 4005 1679 4065 Fre·

366 4096 525 4165 structum,
551 4094 602 4155 sad
627 4095 855 4171 praedicationis
889 4098 919 4155 et
944 4113 1007 4155 eor·
1035 4096 1163 4171 culphus
1186 4088 1374 4175 ademerit).
1391 4126 1435 4137 -
1452 4092 1554 4151 Arno
1577 4088 1678 4175 (Aru),

366 4182 507 4243 rectionis
532 4183 642 4243 studiis
668 4183 904 4263 occupatuml).‘
943 4185 1008 4261 lpse
1036 4203 1126 4259 quem
1142 4184 1244 4259 aliqui,
1263 4184 1315 4243 sed
1331 4186 1368 4241 ut
1381 4180 1504 4241 videtur
1518 4182 1677 4253 immerito,

366 4272 523 4349 'theganus
540 4272 660 4332 videtur
674 4273 766 4333 vitam
782 4292 918 4333 narrasse
941 4278 1007 4333 tan-
1035 4272 1140 4333 dicunt
1154 4273 1248 4333 fuisse
1262 4270 1384 4331 Alcuini
1399 4271 1531 4341 fratrem,
1547 4271 1618 4331 huic
1632 4270 1675 4330 ia·

363 4364 432 4420 tum
441 4360 479 4421 ad
489 4382 514 4427 e,
526 4371 604 4433 835;
621 4362 820 4423 alienamanu
829 4364 922 4422 fuisse
938 4381 1007 4421 con·
1035 4362 1258 4421 miliarissimus
1270 4361 1396 4429 exstitit,
1413 4364 1449 4419 ut
1464 4363 1617 4419 testantur
1631 4380 1678 4437 ep.

365 4450 513 4511 tinuatm
529 4450 566 4509 ad
583 4470 607 4511 a
626 4460 687 4514 836
706 4454 737 4509 ct
748 4460 820 4515 837.
846 4452 918 4511 Post
933 4453 1006 4511 alias
1036 4451 1156 4509 terexn
1165 4450 1287 4509 alcuini
1301 4450 1338 4508 ad
1355 4450 1463 4525 ipsum.
1479 4447 1506 4506 Α
1520 4448 1632 4508 'l'assilo
1639 4449 1678 4512 11.

362 4539 411 4602 ed.
433 4539 546 4615 prodiit
567 4540 599 4598 in
622 4541 700 4601 Mon.
725 4540 821 4599 Germ.
837 4540 875 4611 H,
899 4549 1006 4605 585-
1034 4540 1259 4599 Barariaeduce
1268 4532 1676 4619 missus(78't)fuitproim·

367 4637 503 4691 eoscur.
520 4629 640 4698 Perta,
656 4628 724 4687 iude
740 4628 773 4687 iu
789 4630 916 4707 Migne
930 4631 961 4693 P.
976 4630 1006 4689 L.
1034 4680 1196 4691 ..-..-

359 4716 436 4787 Μ
455 4726 646 4788 405-428;
663 4719 830 4819 germanice
843 4719 1007 4796 interprete
1076 4750 1093 4819 ι)
1107 4745 1354 4810 cesseritis,
1376 4747 1507 4803 erosas:
1532 4740 1678 4797 scireut

365 4806 565 4877 Jnsmund,
583 4807 715 4866 Berohm
735 4816 835 4878 1850;
851 4807 945 4867 altera
961 4809 1006 4867 ed.
1034 4816 1092 4872 ΚΒ.
1105 4817 1153 4883 IV,
1165 4822 1234 4878 827:
1248 4814 1537 4886 Potthaetpdett:
1550 4812 1678 4868 Sabota

364 4896 451 4954 novis
487 4895 568 4954 curis
600 4896 857 4957 wattenbach
886 4896 1008 4975 Leipzig
1035 4884 1679 4971 commentaritp.les-3883,Ebert.qui

1035 4977 1094 5015 non
1107 4976 1169 5015 erne
1180 4960 1267 5014 laude
1275 4959 1310 5013 de
1318 4958 1635 5029 eJusdrsserrtcarmrne
1643 4958 1678 5021 ll,

369 5142 373 5149 .
405 5101 424 5171 ¹)
438 5099 479 5155 Oi.
493 5100 594 5154 Marx
608 5100 664 5155 KL.
678 5102 724 5167 Xl,
740 5110 817 5160 1483.
830 5102 1008 5159 Potthest
1039 5036 1243 5177 1⁷lb-llllgliist.
1263 5101 1306 5158 lit.
1322 5100 1356 5166 V,
1369 5102 1490 5160 'ti-843
1515 5098 1679 5153 Watten·

364 5162 858 5241 p.1049;Hist.lit.V‚45-es.'
1035 5172 1625 5250 spumasintentasse-aea.
