4350 5934
346 660 413 714 m
783 643 811 699 S.
823 646 996 702 Ambrosius
1007 642 1237 700 mediolanensis.
1597 666 1656 722 173

339 831 453 891 sertim
462 828 915 895 anamatioinioiturerroribus
929 834 989 893 ori·
1016 832 1177 893 universus
1201 834 1354 893 consensit
1377 834 1507 912 populus
1532 836 1658 896 Ambro-

342 919 493 998 geniania
512 952 558 965 —
579 920 621 985 01.
645 920 716 981 llai
740 921 837 982 edidit
859 922 989 999 primum
1017 921 1097 981 sium
1121 920 1295 998 episcopum
1319 923 1490 1001 deposcens.
1532 925 1657 985 Tautm

340 1026 486 1087 magnam
502 1010 709 1071 commentarii
726 1014 842 1087 partem
855 1015 888 1071 in
899 1015 928 1071 2.
947 1030 988 1087 ep.
1016 1008 1194 1087 dignitatem
1210 1010 1291 1071 omni
1306 1013 1456 1072 recusarit
1471 1016 1589 1084 conatu,
1606 1014 1657 1074 sed

339 1098 723 1158 odGorirctioainbiblli.
731 1100 788 1161 PP.
798 1100 848 1171 IV,
867 1110 895 1172 2,
911 1112 989 1164 115·
1016 1099 1143 1159 frustra:
1167 1100 1293 1159 wcmsit
1313 1101 1393 1161 euim
1414 1104 1446 1161 et
1467 1102 1657 1179 imperatoris

348 1198 424 1251 146.
439 1187 520 1247 llaec
534 1190 567 1247 et
583 1188 644 1249 alia
656 1188 851 1265 reperiuntur
865 1190 898 1249 in
913 1190 946 1249 P.
956 1191 989 1249 G.
1016 1204 1187 1251 comunem.
1220 1189 1298 1249 Hinc
1313 1190 1481 1266 baptizatus
1503 1195 1563 1261 est;
1588 1210 1655 1251 narn

343 1277 477 1356 iligna
490 1274 649 1350 cmlx,
668 1287 877 1343 aes-1818.
899 1278 990 1338 Plura
1016 1277 1246 1338 cateobnmenus
1261 1282 1381 1339 uncum
1395 1283 1469 1351 erat,
1495 1290 1545 1345 30.
1561 1284 1598 1340 ut
1612 1283 1657 1339 ri-

337 1384 383 1426 en
398 1367 465 1443 mus
475 1365 616 1443 operibus
625 1366 751 1444 periere,
767 1368 941 1445 praesertim
953 1386 987 1427 er
1016 1367 1105 1427 detur
1120 1366 1306 1438 Novembris,
1331 1370 1362 1427 ot
1380 1370 1528 1446 susceptis
1543 1368 1656 1429 ordini·

343 1456 571 1516 commentariis
579 1456 642 1515 ins.
649 1455 989 1534 Scriptmuminlsaiam
1016 1456 1074 1514 bus
1096 1457 1129 1515 in
1151 1456 1324 1533 episcopum
1338 1462 1528 1519 consecratus
1547 1467 1574 1522 7.
1590 1460 1657 1519 Dec.

340 1548 445 1605 tomos
456 1544 564 1615 XVIII,
579 1545 613 1604 in
628 1545 703 1606 Osee
716 1547 750 1605 ll
764 1546 817 1613 Ill,
833 1546 867 1605 in
882 1546 989 1606 Zacba·
1018 1554 1091 1608 374.
1101 1544 1209 1605 Factus
1219 1546 1377 1623 episcopus
1387 1546 1562 1607 catholicam
1570 1547 1658 1607 fidam

339 1634 424 1693 riam
438 1634 471 1694 ll.
485 1633 522 1704 V,
537 1634 571 1693 in
585 1635 637 1699 Er.
653 1636 794 1696 llatthaoi
810 1637 841 1695 et
855 1635 988 1707 loannis,
1016 1637 1048 1693 et
1068 1634 1298 1695 eeclesiasticam
1314 1636 1500 1712 disciplinam
1517 1636 1657 1697 acerrimo

338 1740 424 1799 quos
446 1741 470 1787 a.
492 1722 754 1801 Hieronymus
776 1723 813 1784 de
834 1725 891 1784 vir.
904 1725 948 1787 ill.
964 1741 988 1783 c.
1015 1722 1150 1783 defendit
1174 1724 1345 1800 multosque
1369 1725 1496 1785 Anonos
1528 1730 1560 1785 et
1584 1726 1658 1786 alios

346 1822 411 1877 109
428 1810 677 1895 commemorat1).
1015 1813 1179 1873 haereticos
1195 1813 1232 1871 ed
1248 1812 1484 1875 lideiveritalem
1500 1815 1656 1886 convertit,

1015 1902 1048 1959 in
1063 1901 1176 1977 quibus
1186 1902 1383 1962 demerimum
1392 1903 1540 1963 Ecclesiae
1554 1904 1657 1963 lumen

392 2000 444 2055 93.
460 1992 673 2051 θοινοτΐαωιιε
688 2010 744 2052 nos
759 1992 870 2052 iterum
885 1991 921 2050 ad
933 1992 988 2051 Oo-
1016 2010 1038 2054 s.
1064 1992 1333 2068 Augustinum
1364 1990 1438 2052 lesu
1462 1993 1579 2052 Christo
1604 2010 1656 2067 pe·

339 2080 505 2151 oidmtem,
520 2080 629 2157 inquo
644 2083 771 2141 exeunte
785 2098 840 2145 sec.
852 2082 901 2139 IV.
916 2081 988 2141 illu·
1015 2080 1104 2155 perit.
1128 2080 1158 2139 Is
1173 2080 1253 2140 euim
1269 2080 1341 2141 dum
1357 2080 1516 2143 Mediolani
1531 2081 1657 2141 rhetori·

343 2166 533 2229 dirissimum
554 2169 643 2228 fulsit
663 2168 758 2241 sidua,
784 2189 806 2229 a
829 2170 988 2232 Ambro-
1015 2187 1077 2228 cam
1094 2169 1293 2246 profiteretur,
1309 2171 1374 2247 ejus
1385 2170 1573 2230 sermonibus
1588 2188 1657 2246 cap·

341 2257 448 2326 aius,
472 2258 548 2334 ,qui
570 2276 631 2318 non
646 2260 745 2318 solum
759 2258 989 2320 mediolanensis
1016 2259 1067 2317 tus
1081 2258 1223 2319 assiduus
1238 2258 1368 2336 singulis
1384 2258 1489 2319 diebus
1499 2259 1656 2319 dominicis

335 2346 495 2417 ecclesiae,
519 2364 624 2407 rerum
639 2347 731 2408 etiarn
745 2348 880 2407 omniurn
895 2348 988 2407 ecclo-
1015 2348 1136 2407 auditor
1165 2348 1262 2407 adfuit
1292 2365 1326 2407 ac
1356 2348 1475 2409 demum
1500 2348 1656 2408 veritatem

340 2436 459 2496 marum
473 2436 612 2495 columna
626 2436 771 2513 quaedam
786 2438 818 2496 et
831 2438 926 2497 turris
940 2438 988 2497 iu·
1015 2436 1147 2513 agnovit,
1170 2440 1206 2497 ut
1221 2438 1286 2514 ipse
1302 2436 1339 2496 de
1362 2454 1394 2496 se
1412 2440 1513 2497 narrat
1529 2436 1658 2497 (lonicae.

339 2524 557 2604 expugnabilis
571 2525 632 2584 fuit
647 2569 654 2583 .
670 2572 677 2588 .
694 2572 702 2586 .
724 2526 777 2603 qui
799 2525 837 2585 ad
851 2526 989 2587 ecclesia·
1018 2524 1050 2596 V,
1069 2534 1125 2589 13:
1150 2525 1277 2594 ,Verbis
1300 2527 1364 2602 ejus
1387 2525 1590 2603 suspendebar
1611 2527 1658 2585 in·

340 2634 414 2675 rum
436 2615 491 2673 Dei
513 2613 640 2692 gloriam
661 2616 775 2675 electus
799 2635 818 2675 a
840 2616 901 2675 Deo
925 2618 987 2675 est:
1014 2616 1120 2675 tentus
1137 2659 1144 2673 .
1160 2660 1167 2674 .
1184 2660 1191 2675 .
1208 2617 1239 2674 et
1253 2614 1581 2675 delectabarsuavitate
1595 2632 1658 2675 ser-

343 2704 402 2781 qui
416 2704 619 2781 inconspectu
628 2705 749 2765 Domini
758 2705 876 2765 locutus
885 2706 940 2775 est,
955 2704 989 2763 in
1015 2704 1150 2777 mouisr‘
1167 2706 1344 2781 etop.14'l.
1360 2724 1389 2769 n.
1406 2714 1463 2769 23:
1482 2705 1558 2774 ,Per
1573 2704 1657 2765 illius

337 2797 747 2870 eonspectuperseoutcrum
761 2812 868 2872 regum
882 2795 914 2853 et
927 2810 989 2853 nou
1015 2812 1049 2853 os
1064 2794 1256 2870 potissimum
1280 2812 1326 2854 me
1342 2794 1487 2854 Dominus
1506 2793 1543 2853 ab
1560 2812 1658 2853 errore

337 2885 394 2943 est
407 2878 614 2965 conlusua¹).‘
647 2882 742 2943 Natus
757 2885 804 2943 eat
818 2887 904 2959 patre
920 2882 988 2943 Gal·
1014 2882 1185 2963 liberavit‘
1218 2884 1326 2961 ldagna
1347 2884 1445 2942 valuit
1466 2882 1563 2961 gratia
1578 2883 1658 2958 apud

342 2972 456 3032 lictum
480 2971 629 3047 praelecto
649 2972 846 3050 probabiliter
860 2971 989 3032 Treuiris
1015 2972 1200 3043 Gratianum,
1220 2971 1461 3031 Valentinianum
1477 2974 1508 3031 et
1524 2972 1657 3032 'dheodo-

339 3059 429 3120 intra
443 3079 468 3121 a
479 3069 642 3132 338-40,
658 3078 718 3137 quo
733 3061 873 3121 defuncto
888 3080 912 3120 c.
924 3070 987 3125 354
1015 3061 1096 3121 aium
1111 3060 1148 3119 ll.
1158 3060 1229 3136 imp.
1252 3060 1387 3121 Hnncob
1405 3061 1508 3121 eudes
1519 3060 1657 3120 Thessal-

341 3148 988 3211 rnatercumtribusfiliisllomamestrerer·
1015 3149 1129 3209 lonicae
1145 3168 1171 3209 a.
1189 3160 1251 3213 390
1275 3150 1507 3226 praecipitanter
1524 3149 1657 3209 decretas

339 3256 469 3311 mnam
484 3241 616 3316 gautcet
629 3239 743 3300 familia
760 3244 825 3299 erat
838 3257 988 3299 romanus
1015 3239 1052 3297 ad
1074 3238 1293 3315 poenitentiam
1315 3238 1425 3316 adegit,
1447 3256 1538 3315 quam
1553 3240 1657 3297 tantus

342 3327 475 3407 Egregie
493 3327 542 3387 hio
562 3328 734 3398 institutus,
754 3329 877 3405 juvenis
892 3328 989 3387 adbuc
1016 3328 1178 3404 imperator
1199 3331 1247 3388 tut
1261 3326 1395 3388 victoriis
1411 3327 1542 3404 inclytus
1558 3325 1656 3385 humi·

337 3418 384 3477 ob
392 3416 527 3494 insignes
537 3418 629 3477 animi
640 3416 725 3477 doles
733 3418 829 3478 Probo
837 3417 989 3495 praetorio
1015 3418 1086 3477 liter
1101 3417 1242 3493 susmpil,
1258 3436 1327 3475 nam
1336 3419 1415 3476 teste
1423 3416 1491 3492 ipso
1500 3415 1657 3475 Ambrosio

339 3506 496 3584 mulceto
503 3506 906 3583 neessorluitatquamono
916 3516 989 3569 3³1⁰·
1015 3508 1049 3565 in
1063 3524 1106 3569 or.
1123 3506 1159 3566 da
1174 3506 1331 3567 Theodosii
1346 3506 1431 3565 obitu
1447 3522 1471 3566 c
1489 3514 1541 3576 34,
1558 3507 1658 3573 ,stra-

337 3596 513 3655 eonsularis
531 3597 680 3673 potestate
692 3596 882 3673 praepositus
897 3595 989 3673 Ligu·
1016 3596 1062 3655 vit
1086 3614 1181 3666 omne,
1207 3613 1266 3673 quo
1291 3594 1442 3667 utebatur,
1468 3594 1586 3672 insigne
1610 3612 1657 3653 re·

342 3685 407 3745 riae
438 3686 527 3761 alque
557 3684 710 3749 Aemiliae.
745 3686 819 3745 (lum
849 3687 989 3745 mortuus
1015 3685 1110 3762 glum,
1134 3684 1255 3744 deflevit
1269 3685 1301 3743 in
1317 3683 1441 3745 ecclesia
1454 3683 1574 3761 publice
1590 3702 1657 3759 pec·

339 3773 773 3851 santamentiusopisoopus
788 3773 989 3833 mediolanen·
1015 3776 1116 3833 catum
1132 3792 1231 3845 snum,
1248 3822 1254 3835 .
1271 3819 1278 3834 .
1295 3818 1303 3833 .
1325 3775 1440 3850 gemitu
1463 3777 1494 3832 et
1526 3772 1657 3831 lacrimis

339 3864 388 3923 aia
404 3862 528 3923 amanus
539 3872 613 3934 374,
629 3864 821 3940 populusque
830 3862 990 3923 dissideret
1016 3863 1114 3922 orarit
1134 3863 1282 3926 veniam}
1315 3864 1393 3923 Hinc
1415 3860 1598 3921 Theodosius
1622 3860 1657 3919 de

342 3952 378 4013 in
393 3951 533 4030 eligendo
549 3968 727 4023 successore,
742 3952 809 4027 ipse
823 3969 878 4028 pro
892 3950 989 4012 officio
1015 3970 1051 4011 eo
1066 3951 1143 4011 dixit
1160 3948 1252 4033 (apud
1269 3950 1552 4011 Theodoretum
1568 3948 1604 4006 H.
1621 3949 1654 4010 ll.

343 4041 540 4103 animuum
555 4040 589 4100 iu
603 4040 758 4101 ecclesiam
772 4045 819 4101 est
833 4041 989 4118 ingressus
1015 4040 1050 4113 V,
1072 4037 1143 4123 ill:
1167 4040 1368 4118 ,Episcopum
1391 4039 1515 4117 dignum
1537 4037 1657 4097 nullum

340 4130 555 4190 &sedandam
566 4132 743 4190 commotam
752 4129 988 4190 multitudinem.
1017 4129 1079 4188 ridi
1114 4148 1203 4205 quam
1234 4128 1456 4191 Ambrosium
1494 4126 1656 4187 conatibus

345 4220 444 4281 lulla
458 4218 496 4278 de
510 4218 613 4295 quiete
628 4222 660 4278 et
673 4219 895 4295 tranquillitate
904 4236 988 4295 prae·
1015 4218 1155 4279 ,Iustinae
1164 4217 1371 4295 imperatricis,
1388 4234 1464 4293 quae
1474 4216 1594 4275 Arianis
1604 4214 1656 4275 sd-

340 4309 425 4369 clare
439 4307 526 4381 dixit,
549 4325 618 4367 cum
640 4326 717 4385 puer
739 4309 898 4385 derepente
920 4326 988 4367 oum
1015 4307 1096 4367 dicta
1105 4308 1289 4385 protectione
1305 4325 1360 4367 sua
1375 4307 1480 4365 horum
1496 4310 1597 4383 partes
1613 4304 1627 4362 f
1644 4338 1657 4349 -

341 4398 522 4475 episcopum
530 4396 722 4458 exohmarst:
739 4416 830 4473 quarn
844 4396 877 4457 in
887 4415 990 4458 vocem
1016 4397 1115 4469 rabat,
1138 4396 1290 4472 intrepide
1307 4396 1422 4457 restitit
1437 4396 1656 4471 prudentiaque

1016 4504 1073 4545 sna
1086 4504 1137 4546 eos
1151 4485 1251 4545 elusit.
1274 4486 1322 4544 Ita
1336 4486 1367 4545 et
1381 4483 1553 4561 Symmacho
1570 4483 1657 4541 Urbis

1015 4575 1175 4651 praefecto,
1206 4575 1259 4650 qni
1288 4574 1408 4633 nullum
1435 4590 1495 4632 non
1519 4571 1658 4631 movebat

343 4638 990 4766 ffizgzpfflmgssffifflenfffflffiffl
1015 4664 1154 4739 lapidem,
1179 4666 1216 4723 ut
1239 4682 1289 4723 ara
1311 4661 1457 4722 Victoriae
1479 4661 1512 4719 in
1535 4662 1657 4719 senatus

345 4782 445 4853 (emm
466 4780 498 4838 n
519 4782 644 4852 iligna
665 4782 695 4838 Ρ.
709 4782 742 4837 c.
756 4752 832 4837 xxi
875 4823 881 4845 ,
903 4788 989 4839 roa-
1017 4753 1317 4821 calumniamur,
1339 4750 1454 4811 mutii
1476 4749 1656 4826 praecoma

345 4858 425 4925 216);
445 4852 569 4908 Lucia
586 4852 618 4907 in
638 4852 857 4925 quaestionibus
877 4853 926 4907 cit.
940 4853 989 4926 (ib.
1016 4860 1076 4944 cue
1091 4843 1156 4918 eJns
1172 4842 1253 4919 apud
1270 4845 1332 4900 tres
1348 4841 1540 4916 imperatores
1555 4841 1657 4898 aucto-

389 4924 991 5078 ”tittltfltlttlgtll‘l

345 5066 649 5212 ’ffliaNrib'fililuIJ
662 5075 823 5198 blito
837 5146 862 5195 a.
882 5140 913 5194 in
926 5138 990 5192 Hie·
1064 5108 1360 5211 ⁹4·‚1⁴500ll⁸⁰l1¹13¹
1385 5106 1498 5168 velaret
1512 5102 1554 5208 'in
1578 5086 1656 5184 aula,

346 5226 507 5280 ronymum.
1017 5216 1269 5276 gravissimasque
1300 5197 1397 5257 obiret
1428 5198 1593 5274 legationes
1627 5200 1659 5257 et
