4350 5934
460 684 529 743 VIII

551 863 715 938 Sequemur
738 863 871 923 ordinem
895 864 1136 941 chronologicum
1158 882 1300 941 supremo
1325 864 1405 923 vitae
1430 883 1507 923 0000
1533 864 1775 923 determinatum.

459 969 537 1042 Illos,
562 989 690 1046 quorum
717 971 821 1030 mortis
846 988 942 1031 annus
967 970 1016 1031 val
1040 971 1172 1030 incertus
1195 973 1242 1029 est
1263 971 1310 1031 vel
1333 970 1421 1031 nobis
1436 971 1617 1049 incognitus,
1634 970 1774 1030 asterisco

459 1076 657 1137 indicabimus
672 1080 703 1136 et
713 1095 790 1137 anno
800 1076 1026 1155 assignabimus,
1044 1096 1104 1154 quo
1121 1077 1218 1137 adhuc
1232 1078 1369 1139 vinerint.
1385 1079 1607 1139 Distribuemus
1618 1078 1776 1156 theologos

460 1184 623 1244 secundum
639 1185 823 1244 nationes
838 1185 937 1246 varias
953 1185 986 1245 in
1001 1186 1107 1245 classes
1122 1204 1175 1261 pro
1192 1185 1362 1244 seculorum
1377 1184 1474 1262 lapsu.
1496 1184 1589 1245 Initio
1605 1183 1726 1260 quidem
1740 1184 1775 1242 in

460 1291 620 1351 orientales
631 1294 663 1349 et
674 1291 878 1351 occidentales.
894 1292 1019 1370 vigente
1032 1292 1113 1351 enim
1124 1291 1250 1368 imperio
1265 1310 1386 1351 romano
1395 1292 1443 1352 vel
1458 1292 1541 1352 itlius
1551 1291 1658 1351 umbra
1674 1292 1774 1351 variae

459 1398 598 1465 nationes
620 1416 682 1457 non
697 1398 770 1457 adeo
785 1398 865 1457 inter
881 1416 912 1456 se
928 1399 1015 1457 erant
1030 1396 1184 1460 diseretae.
1215 1398 1241 1455 A
1257 1398 1357 1459 seculo
1373 1396 1428 1455 XII
1443 1398 1512 1458 illos
1535 1402 1707 1476 quatuor
1727 1397 1774 1455 di·

460 1503 578 1563 01100110
603 1503 807 1563 exhibebimus
824 1504 988 1574 columnis;
1014 1502 1135 1561 demum
1159 1522 1177 1561 a
1201 1520 1259 1567 sec.
1282 1502 1357 1562 XVI.
1388 1504 1524 1564 nationes
1548 1503 1773 1581 distinguemus

460 1611 583 1686 septem,
608 1609 670 1670 scil.
695 1628 906 1687 germanos,
933 1610 1108 1687 polonos,
1133 1610 1279 1688 anglos,
1305 1610 1450 1688 belgas,
1475 1610 1615 1688 gallos,
1640 1610 1770 1681 italos,

460 1715 657 1791 hispanos,
684 1716 741 1775 suh
765 1716 877 1791 quibus
893 1716 996 1775 affines
1022 1718 1253 1793 complectemur
1267 1716 1359 1776 etiam
1373 1720 1490 1795 gentes.
1521 1716 1647 1776 11011000
1672 1715 1777 1775 habita

337 1858 340 1863 -
459 1820 761 1899 disciplinarum
775 1824 871 1899 primo
888 1822 1009 1898 quidem
1026 1823 1326 1900 quadruplicem
1346 1823 1484 1883 dabimus
1499 1824 1671 1883 elenchum:
1687 1823 1774 1882 theo·

462 1930 598 2007 logorum
613 1930 675 1989 soit
691 1948 803 2001 eorum,
819 1930 872 2006 qui
882 1930 930 1991 vel
940 1929 972 1988 in
982 1930 1134 2008 theologia
1149 1930 1322 2008 dogmati
1332 1950 1372 1989 ca
1386 1930 1458 1990 usui
1473 1930 1568 2008 magis
1584 1948 1648 1990 asse
1657 1930 1775 2007 possint

460 2031 563 2119 (quam
578 2038 681 2113 postea
696 2035 728 2095 in
744 2036 1024 2097 scholasticam
1040 2040 1071 2097 et
1086 2038 1314 2114 polemicam
1330 2036 1771 2115 distinguemusseucuiadde-

459 2161 527 2202 mus
542 2143 697 2220 religionis
713 2143 890 2203 christianae
915 2139 1157 2226 apologiam),
1181 2143 1230 2204 vel
1247 2144 1300 2220 qui
1315 2143 1351 2202 de
1368 2161 1405 2202 sa
1430 2142 1567 2203 literis
1589 2146 1770 2214 moruerunt,

460 2251 509 2309 vel
524 2250 577 2327 qui
592 2250 624 2309 10
640 2249 825 2327 argumentis
841 2246 951 2309 versati
968 2252 1041 2310 sunt
1062 2250 1272 2310 historicis
1296 2244 1400 2333 (etiam
1422 2251 1455 2309 in
1470 2248 1683 2325 archaaologia,
1699 2249 1773 2307 actis

461 2354 646 2427 Sanctorum,
663 2356 788 2415 historia
802 2355 945 2429 literaria,
962 2356 1183 2434 haereseologia
1198 2352 1276 2439 etc),
1296 2358 1345 2417 vel
1369 2356 1422 2433 qui
1446 2356 1567 2414 demum
1592 2355 1772 2432 theologiam

461 2460 653 2522 excoluerunt
676 2463 891 2539 practicam
918 2459 986 2545 (sub
1010 2482 1070 2538 qua
1093 2463 1317 2540 complectimur
1324 2463 1375 2540 jus
1390 2462 1572 2533 canonicum,
1590 2461 1773 2539 theologiam

461 2553 602 2629 moralem
617 2572 648 2629 et
662 2571 850 2646 pastoralem,
867 2570 1039 2647 liturgioam
1056 2571 1086 2628 et
1095 2570 1255 2647 mysticam
1265 2588 1319 2629 seu
1328 2569 1485 2629 asceticam
1494 2564 1574 2650 etc).
1590 2568 1774 2627 decentiori-

460 2674 517 2734 bus
534 2675 642 2735 seculis
666 2676 829 2754 adjecimus
853 2676 1130 2755 Patrologiam,
1154 2676 1344 2753 disciplinam
1368 2676 1428 2736 iere
1452 2677 1609 2735 novellam.
1641 2675 1776 2753 Singulis

461 2782 532 2843 dein
546 2782 637 2843 tomis
653 2782 852 2859 amplissimos
869 2784 1062 2859 subjiciemus
1085 2783 1208 2856 indices,
1231 2783 1342 2860 quihus
1366 2781 1513 2842 lectorum
1535 2781 1688 2841 commodo
1704 2799 1775 2840 con·

463 2888 561 2947 sulere
577 2889 775 2953 studebimus.
1374 2955 1378 2961 ,

550 2996 618 3055 Non
632 2996 849 3056 recensebimus
866 3015 955 3074 opera
979 2996 1078 3056 omnia
1103 2991 1170 3078 (nac
1186 2994 1349 3055 eorundem
1364 2994 1511 3054 editiones
1527 2988 1643 3077 omnes)
1658 2994 1773 3068 theolo-

461 3120 577 3180 gorum,
594 3121 669 3178 quos
684 3103 933 3175 enumerabimus,
956 3122 994 3163 ne
1017 3104 1093 3163 citra
1113 3102 1319 3175 necessitatem
1334 3102 1447 3160 librum
1462 3104 1601 3160 nostrum
1615 3119 1774 3160 oneremus

462 3229 586 3287 operum
601 3210 717 3281 titulis;
735 3210 788 3269 sed
803 3212 923 3269 tantum
939 3208 1114 3287 insigniora,
1138 3228 1214 3286 quae
1238 3209 1285 3268 vel
1299 3208 1442 3279 utilitate,
1467 3208 1514 3267 vel
1531 3206 1708 3278 eruditione,
1726 3206 1773 3265 vel

461 3316 669 3393 singularitate
685 3316 732 3375 vel
746 3304 823 3374 fama
838 3316 939 3391 aliquo
961 3316 1049 3375 modo
1072 3316 1233 3374 excellunt.
1263 3309 1415 3373 Addamus
1438 3314 1626 3373 eruditorum
1649 3312 1685 3370 do
1709 3312 1772 3370 illis

462 3440 601 3483 censuras
618 3426 768 3499 quotquot
788 3423 917 3501 reperire
933 3425 1098 3502 potuimus,
1121 3440 1338 3497 nonnunquam
1361 3423 1392 3480 et
1414 3422 1554 3491 nostram,
1578 3424 1615 3479 ut
1630 3418 1717 3495 quale
1733 3418 1774 3477 sit

462 3530 560 3607 operis
574 3529 715 3605 pretium,
732 3530 825 3589 lector
840 3529 987 3605 conjiciat.
1019 3529 1075 3599 Qui
1097 3548 1167 3590 vero
1184 3528 1319 3588 omnium
1331 3526 1445 3603 judicio
1461 3526 1542 3585 inter
1557 3545 1627 3586 suos
1642 3526 1775 3585 eminent

462 3635 608 3712 aequales,
624 3636 660 3693 ut
674 3635 807 3713 theologi
823 3635 912 3711 primi
928 3636 1043 3695 ordinis
1065 3635 1147 3694 haud
1168 3634 1318 3694 immerito
1334 3634 1480 3705 dieantur,
1497 3632 1640 3692 distincto
1656 3633 1773 3691 charac-

462 3746 525 3801 tere
540 3740 735 3813 notabuntur,
751 3744 782 3801 et
797 3743 980 3803 celeberrimi
1005 3744 1128 3821 quidem
1150 3742 1231 3819 typis
1256 3741 1459 3801 nitidioribus.
1491 3739 1549 3810 Qui
1564 3759 1634 3800 vero
1650 3740 1775 3800 minoris

464 3850 535 3907 sunt
550 3847 653 3920 famae,
670 3848 883 3909 minutioribus
898 3869 1015 3927 quoque
1037 3850 1120 3927 typis
1136 3844 1367 3925 designabimus.
1398 3844 1525 3915 Quodsi
1541 3845 1698 3923 theologus
1713 3864 1775 3904 non

462 3954 495 4013 in
518 3972 580 4013 una
603 3955 723 4013 tantum
754 3954 908 4015 emicuerit
939 3955 1105 4034 disciplina,
1138 3955 1231 4015 literis
1264 3953 1392 4014 cursivis
1423 3952 1542 4028 aliaque
1575 3951 1607 4009 in
1637 3953 1777 4011 columna

464 4062 654 4139 comparebit.

553 4168 695 4246 Aggressi
713 4168 850 4243 equidem
867 4186 981 4239 sumus,
997 4188 1073 4228 ausu
1083 4169 1160 4227 forte
1170 4166 1339 4238 temerario,
1356 4184 1433 4242 opus
1449 4164 1586 4233 arduum,
1603 4162 1773 4221 nomencla-

463 4278 562 4334 turam
579 4275 640 4335 scil
656 4275 792 4335 exhibere
808 4275 1013 4352 theologorum
1029 4276 1243 4334 catholicorum
1265 4274 1361 4334 totius
1383 4293 1467 4333 aerae
1490 4271 1677 4333 christianae.
1706 4269 1775 4328 Non

464 4382 626 4441 diffitemur
634 4383 745 4442 laboris
755 4381 969 4454 difficultatem,
980 4382 1028 4441 cui
1038 4400 1092 4458 pro
1102 4381 1250 4459 dignitate
1260 4372 1434 4440 sustinendo
1444 4379 1575 4440 virorum
1585 4380 1774 4438 literatorum

464 4506 538 4564 opus
554 4490 632 4549 esset
647 4490 848 4563 societate,
867 4488 892 4546 si
908 4491 1083 4564 conspectus
1101 4488 1163 4547 soil.
1179 4490 1367 4564 exspectetur
1383 4489 1504 4546 exactus
1514 4487 1550 4545 ad
1561 4487 1659 4545 omnia
1673 4501 1773 4545 recen-

463 4596 549 4655 tioris
566 4596 638 4655 artis
654 4596 776 4656 criticae
791 4596 949 4673 postulata,
973 4595 1163 4665 universalis,
1187 4595 1362 4671 completus,
1388 4596 1545 4653 accuratus
1559 4595 1651 4669 atque
1666 4590 1773 4651 fidelis.

464 4704 537 4762 Cum
552 4721 622 4762 vero
637 4702 783 4778 ejusmodi
799 4702 953 4761 homiuum
977 4699 1164 4759 eruditorum
1189 4700 1372 4776 conspiratio
1387 4718 1537 4775 nusquam
1552 4699 1640 4759 modo
1657 4715 1775 4774 compa·

464 4809 639 4884 reatusque
655 4809 741 4868 facile
757 4808 921 4886 exspectari
945 4808 1050 4884 possit,
1077 4810 1109 4866 et
1133 4826 1201 4867 oum
1225 4809 1273 4867 vel
1297 4810 1449 4867 tentamen
1474 4808 1528 4868 hoo
1550 4807 1582 4865 in
1598 4807 1775 4884 argumento

465 4916 596 4977 utilitate
611 4936 672 4977 non
688 4920 800 4977 careat:
824 4916 972 4994 specimen
999 4916 1105 4974 saltem
1121 4916 1266 4991 ejusmodi
1282 4918 1458 4992 conspectus
1474 4935 1528 4993 pro
1545 4914 1660 4974 viribus
1676 4913 1776 4972 tonui·

463 5023 520 5082 bus
537 5022 676 5101 colligere
691 5023 872 5083 tentavimus
888 5022 977 5082 initio
993 5025 1114 5099 sumpto
1131 5043 1149 5082 0
1171 5024 1296 5083 00001110
1318 5023 1483 5083 tridentino
1508 5021 1546 5081 ad
1560 5024 1664 5081 nostra
1678 5038 1776 5095 usque

463 5132 606 5206 tempora
621 5130 717 5189 Exciti
727 5128 928 5205 inexspectato
939 5128 1152 5189 benevolorum
1161 5129 1307 5189 lectorum
1316 5129 1424 5200 favore,
1435 5146 1495 5205 quo
1504 5126 1776 5203 triaprioraoperis

465 5238 645 5312 exceperunt
656 5236 817 5309 volumina,
829 5236 1026 5314 cogitavimus
1037 5236 1072 5294 de
1082 5236 1285 5295 continuando
1295 5234 1518 5295 Nomenolatore
1527 5230 1666 5291 methodo
1675 5230 1777 5290 eadam
