4350 5934
1093 1883 1211 1980 XII.

662 2066 939 2202 Scriptores
972 2062 1297 2174 ecclesiastici
1322 2063 1479 2173 secuti
1505 2061 1637 2174 VIII.
1672 2199 1675 2204 Ι

845 2261 953 2358 Pers
987 2261 1116 2379 prior
1137 2263 1431 2377 (rot—750).

543 2671 614 2724 348.
632 2661 704 2718 Tota
721 2660 773 2718 hec
789 2659 883 2734 priori
899 2676 954 2717 sec.
965 2655 1035 2716 VIII
1051 2661 1137 2733 perte
1166 2657 1362 2726 diaconatum,
1379 2658 1530 2717 tricesimo
1541 2657 1667 2734 gradum
1682 2657 1804 2734 presby·

495 2769 574 2808 unus
591 2768 661 2824 pree
676 2749 782 2806 ceteris
793 2747 938 2824 theologis
955 2746 1075 2820 speciali
1092 2751 1136 2804 nt·
1149 2764 1152 2813 ι
1165 2749 1279 2805 teratus
1296 2746 1430 2821 suscepit
1451 2750 1483 2804 et
1504 2765 1539 2805 ex
1554 2765 1588 2806 eo
1604 2749 1737 2822 tempore
1752 2765 1804 2806 ue·

495 2839 630 2898 tentione
641 2838 750 2914 dignus
760 2841 807 2896 est
817 2857 844 2896 v.
861 2832 991 2917 Beda1)
1003 2830 1136 2917 (Bscdu)‚
1149 2892 1151 2913 1
1165 2853 1223 2909 que
1239 2836 1275 2892 sd
1296 2855 1321 2894 s.
1344 2835 1450 2894 estatis
1466 2854 1537 2894 susc
1554 2846 1593 2898 59
1611 2835 1693 2894 veris
1707 2837 1806 2911 coepit

496 2927 636 2988 eeclesiae
659 2927 831 3004 anglicanae
853 2927 964 2994 lumen,
989 2928 1079 2984 nutus
1104 2920 1197 2984 iu3in
1213 2924 1395 3000 Scriptorum
1418 2943 1440 2984 s.
1463 2943 1533 2983 sune
1556 2942 1738 3000 suorumque
1752 2944 1804 2984 ue·

495 3017 559 3075 vico
585 3017 697 3075 Scotino
721 3017 888 3092 propinquo
912 3015 1035 3074 Girrum
1058 3013 1135 3092 (ven
1165 3013 1297 3072 cessitcti
1316 3014 1460 3088 opusculo
1481 3031 1671 3090 componere:
1698 3014 1750 3073 sed
1774 3019 1805 3073 et

494 3106 599 3165 uocule
610 3106 718 3182 Gyrwy
735 3099 924 3185 seuJerrow)
940 3103 1019 3162 dicto
1034 3123 1060 3166 s.
1072 3113 1135 3164 674
1164 3103 1300 3177 putribus
1314 3102 1536 3162 addictissimus
1552 3103 1619 3173 fuit,
1636 3102 1679 3161 ito
1693 3107 1730 3162 ut
1744 3121 1805 3163 non

494 3189 592 3276 (juxto
603 3194 676 3253 alios
687 3200 821 3254 auctores
832 3193 920 3252 etiem
931 3210 1036 3270 greces
1049 3189 1136 3272 672).
1164 3197 1225 3250 tem
1241 3209 1317 3249 novo
1332 3191 1448 3250 cuderit
1468 3211 1566 3267 opere,
1589 3209 1679 3267 quum
1701 3211 1736 3250 ex
1758 3193 1804 3268 ip·

496 3285 567 3342 Cum
584 3286 663 3342 esset
685 3303 710 3342 s.
735 3287 848 3358 septem
867 3301 937 3341 curo
952 3281 1135 3358 propinquo·
1148 3320 1150 3329 ·
1165 3299 1265 3339 sorum
1303 3282 1504 3340 monumentis
1542 3280 1721 3340 collectaneo
1755 3299 1804 3339 ex·

493 3391 561 3431 rum
578 3373 664 3430 datus
680 3376 726 3430 est
742 3372 913 3430 educendus
928 3371 1030 3429 sbbsti
1040 3371 1135 3429 Bene·
1164 3370 1309 3445 cerpsisse
1324 3370 1461 3429 videatur
1476 3373 1566 3445 etque
1582 3370 1626 3428 its
1641 3371 1805 3429 transfudit

495 3461 582 3532 dicto,
600 3479 632 3518 oo
645 3461 753 3518 deinde
763 3461 917 3530 (leutfrido,
935 3463 1135 3535 cunctumque
1163 3460 1320 3518 thesauros
1336 3458 1513 3519 eruditionis
1523 3458 1736 3520 ecclesiastices
1751 3479 1804 3518 uu·

495 3569 530 3608 ex
552 3568 586 3608 eo
609 3553 728 3624 tempus
754 3551 786 3608 in
808 3549 940 3624 eJ'usdem
965 3548 1136 3607 monasterii
1148 3546 1150 3605 i
1163 3549 1266 3623 tiques
1281 3549 1393 3606 canolis
1410 3548 1504 3607 instar
1519 3548 1620 3608 uberis
1636 3548 1668 3606 in
1679 3548 1804 3626 Angliuc

494 3638 652 3716 girwensis
668 3638 849 3697 habitatione
865 3637 990 3715 peregit.
1021 3637 1135 3696 Ibidem
1147 3640 1149 3711 ζ
1163 3641 1267 3714 gentes
1287 3637 1709 3713 totumquemediumoevum,
1719 3639 1804 3713 cujus

495 3745 611 3786 omnem
634 3727 812 3786 meditandis
830 3727 991 3804 scripturis
1015 3745 1134 3801 operum
1162 3726 1306 3802 magister
1321 3726 1379 3784 dici
1395 3723 1535 3808 potestl).
1563 3727 1678 3786 Morum
1695 3728 1804 3786 suncti·

495 3816 585 3887 dedit,
597 3819 686 3891 etque
696 3816 776 3875 inter
785 3816 988 3875 observantius
999 3815 1134 3890 discipli·
1162 3867 1322 3876 ῥ-

495 3923 550 3964 nse
565 3905 712 3982 regularis
729 3909 758 3964 et
775 3905 979 3981 quotidianam
995 3905 1149 3981 contendi³
1202 3955 1219 4017 1)
1235 3949 1279 4002 Ad
1301 3967 1360 4004 rem
1383 3949 1540 4004 werne!
1561 3950 1638 4004 Beda
1664 3950 1714 4004 der
1735 3949 1804 4004 Ehr-

494 3995 526 4053 in
547 3995 668 4053 ecclesis
684 4013 793 4062 curum,
817 4013 932 4071 semper
954 3997 1007 4052 eut
1023 3993 1135 4052 discere
1163 4020 1292 4091 ,ΜΨ
1306 4021 1366 4076 und
1380 4022 1458 4076 scine
1472 4021 1541 4076 peip,
1555 4021 1641 4076 wem
1656 4025 1724 4079 1875
1737 4039 1803 4094 pag,

494 4087 547 4142 cut
563 4084 666 4142 docere
690 4087 743 4142 sut
766 4083 894 4143 scribere
914 4083 1000 4142 dulce
1017 4082 1212 4149 habuit.135;
1231 4092 1288 4145 For
1300 4092 1353 4146 ih„
1366 4092 1500 4148 hendelte
1514 4111 1542 4147 9⁸
1555 4093 1617 4147 „ich
1629 4093 1713 4148 nicht
1723 4094 1805 4148 mm

495 4173 619 4230 Nullum
630 4173 689 4231 fuit
699 4173 771 4232 artis
782 4176 835 4232 sut
846 4173 1019 4248 disciplinae
1030 4190 1134 4249 genus,
1163 4165 1227 4236 (wie
1240 4165 1287 4217 fflr
1299 4164 1400 4236 lflid0r)
1410 4164 1461 4217 da·
1470 4166 1535 4220 Alte
1545 4165 1605 4218 und
1616 4153 1805 4220 Uberliefeute

494 4261 526 4318 in
550 4280 608 4336 quo
630 4262 677 4320 vir
696 4261 829 4320 discendi
846 4262 950 4320 uvidus
967 4280 1028 4320 nou
1044 4261 1136 4320 suerit
1162 4254 1198 4360 ξι
1212 4238 1349 4291 ⁸²mess
1369 4251 1468 4317 mm
1480 4254 1515 4290 ³¹¹
1528 4239 1623 4318 ‘eim
1642 4236 1703 4290 und
1715 4255 1751 4289 ³¹¹
1764 4253 1805 4291 θ’·

1127 4350 1132 4362 ,
1183 4308 1269 4370 alten,
1280 4308 1347 4361 oder
1358 4309 1530 4378 wenrgstens
1539 4308 1587 4362 dre
1594 4307 1700 4364 Kuude
1709 4308 1804 4362 duvon

494 4349 724 4426 diligentissime
746 4353 898 4409 versatus:
925 4351 955 4409 in
981 4353 1066 4424 cujus
1092 4369 1136 4408 rer
1163 4378 1219 4432 den
1249 4379 1480 4449 nachfolgendffl
1510 4378 1732 4434 Gewhleehpem
1768 4397 1804 4434 m

493 4439 660 4498 subsidium
676 4441 765 4498 etism
780 4458 914 4517 graecum
926 4439 1059 4516 linguam
1076 4439 1135 4498 sibi
1163 4449 1355 4514 ubermitteln‚
1378 4451 1502 4505 scudem
1526 4451 1573 4504 die
1597 4468 1651 4506 cus
1669 4450 1735 4505 dem
1754 4451 1804 4506 Zu-

494 4531 721 4603 comparaverat.
759 4529 877 4590 Decimo
902 4546 980 4587 nono
1006 4529 1084 4588 vitae
1110 4548 1135 4586 a,
1147 4580 1149 4587 Ι
1163 4522 1399 4576 flammenbrusshe
1413 4523 1463 4576 del·
1475 4523 1555 4576 alten
1569 4523 1804 4648 cunamen?

1162 4595 1285 4646 retteteu
1306 4593 1366 4646 und
1386 4594 1517 4647 erhulten
1539 4595 1729 4665 geblrebeneu
1772 4595 1804 4650 rl·

1163 4663 1371 4734 duugsschdtse
1385 4664 1445 4718 und
1455 4665 1562 4719 Bildun
1598 4664 1805 4722 mittelfttrdie

533 4739 550 4806 ¹)
565 4734 694 4788 Fuerunt
707 4735 784 4788 haud
802 4737 888 4816 longo
903 4737 960 4817 tem
983 4751 1030 4789 ore
1044 4736 1080 4790 ub
1093 4735 1135 4789 in·
1147 4770 1149 4801 ;
1163 4735 1278 4790 Zwecke
1292 4737 1341 4790 des
1359 4735 1546 4792 christlichen
1585 4736 1756 4792 nterrichtes
1768 4755 1804 4790 zu

375 4843 377 4846 -
492 4805 584 4860 ricem
597 4807 734 4860 summoti
746 4807 803 4862 duo
816 4807 868 4860 slir
882 4823 938 4860 vrri
983 4808 1072 4860 edee
1088 4823 1135 4860 no·
1162 4808 1342 4872 verweuden,
1366 4807 1487 4863 welches
1509 4809 1556 4862 die
1578 4807 1732 4890 Unterluge
1754 4809 1804 4862 des

493 4877 569 4930 mine
583 4878 722 4947 appellati
733 4901 739 4931 :
752 4877 843 4948 Major
856 4877 933 4931 Beda
945 4880 1094 4947 presbyter
1107 4881 1136 4932 et
1162 4878 1576 4950 Bildungslebensderjuugen
1586 4880 1804 4951 germemschen

492 4949 1052 5004 monachuslindisfarnensissBedsiu
1069 4950 1134 5003 Vite
1162 4950 1242 5004 Welt
1265 4969 1300 5004 zu
1330 4951 1444 5004 werden
1474 4952 1623 5005 bestimmt
1647 4967 1714 5004 wer.
1750 4950 1804 5005 Die

492 5037 514 5073 s.
528 5019 679 5074 Outhberti
700 5039 723 5074 c.
741 5028 775 5078 37
795 5022 937 5076 laudatus.
965 5022 1044 5077 Alter
1057 5021 1135 5075 Beda
1162 5023 1296 5093 Anttngc
1327 5023 1418 5077 dieses
1444 5040 1538 5077 neuen
1563 5023 1671 5076 Biidun
1706 5023 1804 5079 lebeus

493 5089 588 5145 Caroli
601 5092 638 5148 M.
652 5092 781 5161 aequalis
804 5097 838 5146 ut
850 5093 1007 5146 monachus
1020 5095 1135 5148 sauctus
1161 5096 1284 5149 nehmen
1297 5093 1366 5155 sich,
1380 5095 1434 5148 wie
1446 5096 1488 5149 sie
1497 5111 1552 5148 uns
1565 5095 1596 5147 in
1609 5095 1665 5148 deu
1713 5093 1804 5148 istun-

492 5161 637 5216 laudetur.
1145 5200 1147 5213 ·
1161 5183 1217 5234 gen
1223 5165 1674 5236 Bedo'sreprttsentirtvorliegem
1683 5164 1804 5221 schlicht
