4350 5934
875 1999 1172 2111 Lectori.

460 2414 496 2473 ln
521 2414 725 2473 studiosorum
748 2414 916 2491 theologiae
940 2414 1105 2477 utilitatem
1128 2414 1295 2474 illustrium
1319 2414 1352 2472 in
1377 2431 1459 2474 soors
1482 2414 1537 2473 heo
1560 2412 1685 2474 scientis

367 2522 504 2582 virorum
527 2521 749 2599 composuimus
775 2521 939 2586 elenchum.
971 2523 1044 2581 Cum
1069 2521 1151 2581 enim
1176 2522 1209 2581 in
1233 2521 1368 2599 quolibet
1396 2522 1458 2581 fere
1482 2522 1530 2581 vel
1559 2521 1685 2581 minime

369 2630 544 2707 quaestione
569 2630 735 2707 theologico
758 2629 892 2706 plurium
917 2632 1052 2690 occurret
1075 2628 1199 2702 mentio,
1221 2647 1309 2689 nosse
1328 2630 1452 2707 juverit,
1474 2649 1534 2706 quo
1556 2630 1685 2706 quisque

370 2736 473 2797 seculo
489 2753 585 2811 quere
600 2735 633 2795 in
647 2735 769 2813 regione
783 2738 815 2795 et
831 2735 1013 2811 quibuscum
1027 2736 1171 2808 floruerit,
1187 2736 1266 2813 qnod
1277 2714 1404 2796 eliorum
1417 2736 1454 2797 de
1463 2737 1529 2815 ipso
1535 2736 1686 2814 judicium

370 2846 403 2903 et
419 2844 567 2920 quantum
584 2841 625 2900 sit
640 2860 765 2919 operum
779 2840 877 2918 ipsius
892 2842 1032 2919 pretium.
1047 2842 1068 2901 J
1069 2842 1171 2903 uverit
1187 2861 1308 2919 quoque
1322 2860 1420 2915 nosse,
1437 2843 1560 2920 quinem
1575 2844 1608 2903 in
1624 2842 1702 2913 sin·⁴

371 2950 454 3029 gulis
470 2948 639 3027 disciplinis
656 2947 830 3027 theologicis
847 2948 1038 3027 eminuerint,
1056 2967 1132 3025 quse
1146 2967 1237 3027 opere
1251 2948 1410 3027 praecipue
1425 2952 1457 3009 et
1470 2948 1600 3021 classice,
1616 2965 1688 3026 prae

372 3058 480 3118 ceteris
505 3050 728 3139 consulendn¹)‚
753 3075 823 3115 unm
847 3056 980 3115 hsnrit
1004 3074 1139 3132 nquam
1164 3056 1305 3128 cribro,
1330 3056 1398 3133 qni
1420 3056 1576 3115 discere
1600 3055 1688 3113 vult

373 3164 461 3223 sine
476 3161 591 3235 libro,
607 3164 643 3221 ut
653 3161 812 3240 inquiunt:
829 3161 880 3221 sed
896 3161 1023 3221 libros
1038 3164 1146 3222 recte
1161 3180 1276 3222 nosse
1292 3166 1353 3222 est
1367 3162 1574 3222 dimidium
1589 3160 1688 3221 didi-

371 3273 477 3332 cisse
488 3272 551 3347 jsm
568 3273 655 3331 vetus
670 3274 718 3331 est
732 3270 885 3349 sdegium,-
896 3270 1101 3348 temporisque
1117 3270 1187 3329 hino
1202 3270 1353 3331 lucremur
1368 3270 1542 3348 plurimum.

481 3378 551 3437 Nou
566 3376 708 3437 molimur
722 3378 845 3455 quidem
867 3376 1015 3436 histori
1025 3396 1078 3435 sm
1102 3376 1265 3437 literarium
1281 3377 1457 3455 theologius,
1472 3378 1592 3439 tentum
1608 3377 1689 3437 enim

372 3503 449 3563 opus
464 3483 556 3543 unius
572 3486 695 3561 superet
709 3484 788 3545 vires
803 3484 1029 3560 facultatesque,
1047 3483 1175 3543 menime
1190 3502 1260 3543 vero
1270 3486 1397 3549 nostrus.
1414 3484 1444 3547 Si
1459 3483 1642 3561 qnidtsmen
1652 3484 1689 3543 sd

371 3611 438 3651 eum
454 3590 588 3651 conferre
604 3609 772 3668 possumus,
788 3594 909 3670 gistum
924 3591 955 3650 id
971 3592 1057 3651 nohis
1075 3591 1198 3651 occidet.
1212 3592 1301 3651 Hsud
1316 3612 1422 3669 perum
1437 3596 1539 3653 sutem
1554 3594 1690 3653 conferre

372 3696 411 3756 sd
426 3696 575 3773 ejusmodi
591 3696 747 3757 historiam
762 3698 970 3776 theologorum
988 3702 1146 3776 syntagma
1169 3700 1376 3779 chronologice
1391 3702 1569 3780 dispositum
1584 3719 1690 3762 secun·

373 3802 448 3861 dnm
462 3801 601 3861 notiones
617 3805 648 3862 et
657 3804 763 3875 verim,
774 3822 848 3880 ques
855 3804 1007 3882 theologie
1015 3804 1234 3882 complectitur,
1245 3805 1417 3883 disciplinas
1426 3823 1513 3867 nemo
1522 3804 1691 3875 nonridet;

374 3910 456 3969 hisce
472 3908 622 3984 siquidem
644 3910 817 3971 continetur
832 3912 897 3987 jem
920 3910 1066 3986 quaedem
1090 3910 1175 3971 illius
1198 3911 1366 3976 delineatio.
1395 3913 1477 3972 illud
1492 3930 1563 3972 vero
1578 3912 1691 3972 emolu-

375 4017 472 4077 menti
487 4035 522 4076 ex
538 4016 592 4077 heo
607 4017 816 4095 theologorum
836 4017 1008 4078 recensione
1032 4018 1242 4097 chronologice
1263 4022 1295 4080 et
1316 4019 1512 4097 dispositione
1527 4019 1692 4079 secundum

374 4123 551 4201 disciplinas
567 4126 598 4183 et
614 4127 720 4202 gentes
735 4126 831 4202 ospiet
846 4125 983 4203 quisque,
999 4128 1034 4185 ut
1050 4144 1113 4185 uno
1128 4126 1224 4187 veluti
1239 4130 1401 4204 conspectu
1416 4126 1525 4199 videet,
1540 4146 1601 4203 qus
1614 4126 1693 4202 peri-

379 4231 438 4290 odo
453 4249 550 4308 qnsve
566 4231 599 4289 in
613 4231 735 4309 regione
750 4230 874 4308 plurimi
890 4234 939 4292 vel
952 4234 1108 4310 panciores
1122 4234 1278 4295 floruerint
1293 4233 1351 4293 viri
1366 4234 1492 4306 eruditi;
1514 4252 1590 4311 quse
1605 4232 1693 4292 disci·

379 4339 482 4415 plinse
496 4358 567 4416 pree
583 4339 689 4399 ceteris
704 4340 848 4412 excultae,
866 4358 943 4416 quse
958 4339 1035 4400 forte
1050 4342 1082 4399 et
1098 4359 1158 4415 qus
1173 4340 1204 4399 in
1219 4342 1309 4418 gente
1324 4339 1484 4417 neglectae,
1507 4358 1583 4416 quae
1598 4338 1693 4399 scien·

379 4445 440 4504 tise
456 4444 641 4527 theologicae
657 4445 822 4505 seeundum
837 4448 934 4506 totum
950 4464 1035 4505 suem
1053 4445 1245 4506 latitudinem
1261 4445 1353 4535 variis
1368 4446 1400 4505 in
1415 4445 1489 4505 loeis
1499 4444 1694 4520 stedisetque

379 4571 566 4630 progressus.

383 4694 596 4701 --Ἣ

490 4780 512 4849 ¹)
525 4774 565 4831 De
579 4774 726 4846 theologie
739 4773 864 4831 maxime
878 4792 943 4830 vers
961 4779 1039 4840 sunt,
1050 4792 1125 4844 quae
1136 4774 1167 4828 in
1185 4792 1288 4845 genere
1299 4776 1424 4828 affirmat
1438 4774 1527 4831 Gottl.
1538 4774 1629 4829 Stoll
1642 4774 1694 4846 (in-

379 4862 452 4917 trod.
466 4861 497 4915 in
511 4862 577 4917 hist
590 4860 664 4917 liter.
679 4862 769 4917 lstine
789 4862 897 4917 editum
911 4880 928 4915 n
942 4863 1003 4918 Cur.
1019 4864 1107 4917 Henr.
1119 4863 1272 4935 hangio,
1292 4862 1381 4917 Jenoe
1397 4865 1563 4935 17281).8):
1591 4863 1695 4924 „Medi-

379 4950 452 5006 tntio
466 4955 563 5007 nostra
576 4952 701 5006 multum
721 4952 832 5007 confert
844 4952 881 5005 ad
895 4952 1095 5017 eruditionem,
1109 4950 1236 5006 succurri
1256 4954 1353 5004 tomen
1375 4951 1402 5005 ei
1415 4951 1500 5006 dehet
1512 4954 1593 5007 bonis
1606 4952 1695 5007 libris.

380 5040 460 5094 Mille
473 5040 548 5094 oculi
562 5040 628 5111 plus
642 5046 716 5095 certe
731 5040 840 5106 rident,
854 5058 941 5108 quum
955 5040 1073 5109 quidem
1087 5040 1160 5101 duo;
1173 5044 1260 5108 atquo
1271 5039 1296 5093 is
1305 5039 1436 5093 insanam
1446 5040 1481 5094 de
1492 5058 1521 5095 se
1531 5041 1695 5112 opinionem

381 5130 477 5185 lovere
490 5129 591 5183 merito
604 5128 739 5194 creditur,
753 5126 805 5199 qui
818 5132 862 5184 tot
873 5128 996 5198 ipsemet
1016 5129 1154 5183 ueritates
1169 5127 1303 5199 reperire,
1323 5132 1395 5197 quot
1413 5128 1506 5183 millio
1519 5128 1697 5184 cniditornnr

379 5219 442 5289 jum
455 5234 591 5289 reperere,
606 5222 726 5289 speret.-
