4350 5934
431 631 456 689 X

429 808 555 885 graphia
569 808 736 885 germanica
752 808 800 870 vel
813 809 921 886 gallica
930 810 1132 888 Hispanorum
1141 809 1441 871 relAmsricanornm
1456 808 1639 887 exspectabit
1653 825 1742 869 enco-

430 916 508 975 mia?
519 916 625 977 Nonne
637 916 928 993 licetdisputationia
939 920 1150 995 argumentum
1166 915 1204 977 ad
1213 919 1310 977 certos
1318 915 1452 993 trosque
1465 914 1740 977 revocarelimitest

523 1035 553 1089 2.
568 1024 629 1083 alii
645 1027 795 1085 serratum
812 1024 936 1085 mallent
951 1026 1085 1089 ordinem
1103 1026 1281 1102 scriptorum
1303 1024 1609 1102 alphabeticum,
1635 1024 1740 1083 chro-

430 1130 653 1209 nologicum
679 1132 814 1207 carpunt.
844 1132 955 1193 Verum
979 1133 1029 1193 hio
1052 1132 1213 1209 multiplici
1237 1150 1273 1191 ex
1297 1132 1394 1208 capite
1418 1131 1631 1209 praeferendus
1652 1127 1741 1189 uobis

430 1237 560 1311 videtur,
576 1256 643 1297 cnm
659 1237 697 1297 ob
713 1238 814 1298 oculos
830 1240 922 1314 ponat
936 1238 1106 1317 theologiae
1120 1237 1303 1297 incrementa
1311 1236 1360 1297 rel
1368 1236 1558 1297 decrementa
1573 1234 1741 1295 seculorum

431 1343 527 1419 lapsu,
544 1344 682 1403 ostendat
696 1343 841 1421 regiones,
858 1346 891 1404 iu
905 1344 1016 1421 quibua
1042 1362 1125 1405 sacra
1148 1342 1244 1420 magis
1267 1342 1425 1403 floruerint
1448 1341 1557 1415 studia,
1579 1342 1671 1402 simul
1692 1359 1742 1399 ex·

432 1450 533 1509 hibent
547 1468 608 1521 eos,
625 1450 679 1527 qui
694 1450 728 1511 in
742 1452 833 1512 variis
848 1452 1059 1529 controversiis
1073 1450 1327 1529 collegaefnerint
1336 1450 1385 1511 vel
1393 1450 1571 1511 adversarii:
1586 1468 1662 1525 qnae
1672 1467 1742 1525 cog·

432 1558 510 1617 nitio
526 1576 579 1635 pro
594 1558 720 1619 historia
735 1559 868 1620 literaria
888 1578 949 1621 nou
964 1560 1058 1639 parri,
1075 1560 1136 1620 imo
1152 1559 1255 1638 magui
1269 1562 1316 1619 est
1330 1558 1472 1623 faciende.
1503 1558 1657 1629 Quomodo
1671 1574 1742 1617 roro

430 1684 466 1725 ea
480 1666 529 1725 rel
545 1665 694 1743 conjicias,
717 1667 743 1727 si
759 1670 876 1727 servato
891 1666 996 1728 ordine
1012 1666 1199 1743 alphabetico
1214 1666 1301 1727 modo
1316 1666 1458 1727 landatur
1473 1666 1602 1743 scriptor
1617 1684 1672 1725 seo.
1687 1664 1741 1733 111,

348 1794 351 1801 ’
432 1772 519 1832 modo
536 1772 740 1837 1x.v01x11s
771 1774 802 1833 si
824 1792 904 1835 nunc
926 1776 1076 1851 exegstae,
1103 1792 1171 1833 mox
1186 1774 1418 1853 historiographi
1440 1774 1488 1834 rel
1504 1773 1677 1851 apologetas
1691 1771 1744 1831 liat

432 1879 565 1941 mentio?
596 1880 627 1941 Si
642 1880 799 1957 alphabeto
814 1884 970 1959 tantopere
986 1882 1151 1952 delecteris,
1168 1881 1254 1942 adeas
1269 1880 1303 1941 iu
1317 1883 1467 1941 tomorum
1482 1880 1670 1959 singulorum
1685 1879 1743 1939 fine

432 1985 561 2045 indicem
577 1986 734 2045 nominum
750 1986 929 2065 scriptorum
945 1990 1080 2047 accurate
1096 1987 1200 2048 ordine
1214 1986 1401 2063 alphabetico
1416 1986 1640 2063 dispositorum.

523 2102 551 2156 3.
561 2092 790 2171 Nondelnitqui
799 2094 1448 2173 superfluumpronnnciaretrecenserejuris
1458 2094 1592 2155 canonici
1601 2094 1741 2166 cultores,

431 2218 499 2258 cum
515 2217 564 2259 eos
580 2196 743 2259 Schulte
755 2200 818 2277 jam
832 2201 1014 2260 recensuerit
1028 2201 1061 2260 iu
1076 2219 1124 2277 op.
1135 2200 1309 2261 Geschichte
1324 2200 1378 2259 der
1387 2198 1511 2271 Quellen
1520 2201 1583 2261 und
1592 2199 1745 2260 Literatnr

432 2305 484 2365 des
506 2305 707 2366 kanonischsn
729 2306 864 2371 liechies.
895 2306 1052 2385 Singulars
1072 2307 1161 2385 plane
1183 2306 1357 2367 consiliuml
1390 2306 1549 2367 Oonsmare
1571 2307 1608 2377 ai,
1632 2306 1685 2382 qui
1707 2306 1745 2366 de

431 2412 528 2473 totins
543 2412 710 2490 theologiae
725 2414 951 2474 nomenclatura
974 2415 1179 2475 concinnanda
1202 2414 1323 2492 cogitat,
1348 2416 1385 2475 nt
1408 2434 1516 2493 magna
1536 2414 1744 2492 theologorum

433 2520 510 2579 serie
526 2522 735 2596 praetermissa
750 2522 877 2581 lectores
902 2522 1015 2600 releget
1039 2522 1076 2581 ad
1101 2523 1187 2595 alios,
1209 2523 1263 2599 qui
1285 2522 1361 2583 forte
1376 2523 1443 2583 illos
1459 2511 1643 2600 collegerint
1674 2521 1746 2591 Quis

432 2628 570 2687 consulat
585 2627 758 2687 auctoribus
774 2647 801 2688 v.
817 2647 861 2705 gr.
877 2628 1070 2705 biographias
1093 2629 1281 2707 germanicae
1303 2630 1490 2695 universalis.
1506 2634 1543 2689 ut
1557 2632 1747 2705 praetereant

434 2734 695 2813 historiographos,
713 2754 788 2811 qnos
803 2738 888 2796 tanta
904 2737 1092 2815 collegerunt
1106 2736 1228 2797 solertia
1242 2738 1428 2800 Pottbast
1450 2738 1488 2809 in,
1498 2756 1553 2797 sua
1567 2736 1748 2797 bibliotheca

434 2842 578 2902 historica
592 2842 683 2902 medii
698 2842 773 2914 aeri,
799 2846 831 2903 et
846 2861 882 2901 ex
897 2847 982 2921 parte
1004 2843 1259 2904 Wattanbacb
1281 2845 1314 2903 iu
1329 2844 1547 2905 Deutacblands
1562 2843 1748 2903 Gescbicbts·

433 2950 553 3027 quellsu
569 2950 611 3009 im
627 2949 816 3021 Mittelalter3
834 2953 871 3009 ut
885 2951 1027 3011 emittent
1043 2952 1203 3029 scriptores
1224 2953 1398 3025 austriacos,
1421 2972 1490 3013 cum
1513 2932 1558 3012 illi
1573 2951 1748 3029 plenissime

350 3126 354 3134 ,
433 3059 623 3135 reperiantur
637 3058 670 3119 iu
686 3058 900 3118 Wurzbach
924 3059 1173 3137 Biographiacb'ss
1187 3061 1319 3121 Lexikou
1334 3061 1387 3121 dea
1402 3060 1609 3121 Kaissrthuma
1626 3060 1745 3119 Oeater·

432 3165 533 3225 reich?
563 3164 656 3225 Juxta
671 3164 725 3225 hoc
741 3165 900 3226 consilinm
917 3167 1016 3227 omnia
1031 3186 1159 3227 censura
1176 3169 1267 3246 digua
1290 3172 1363 3229 sunt
1378 3187 1476 3244 opera,
1492 3187 1569 3244 quae
1584 3167 1651 3226 aliis
1666 3166 1747 3227 inni·

432 3276 543 3329 turtur
558 3273 649 3347 atque
664 3288 699 3329 ex
716 3270 753 3329 iis
770 3274 843 3331 suut
859 3273 1043 3333 concinnata

525 3388 553 3440 4.
570 3377 737 3455 Exprobrst
753 3380 830 3439 alius
846 3382 1041 3441 accusationis
1066 3382 1186 3441 criticae
1202 3380 1351 3441 deiectum
1373 3382 1604 3459 neglectumque
1620 3382 1748 3441 sonuum

433 3483 566 3553 utilium,
584 3486 740 3545 auctorum
755 3486 931 3561 praesertim
956 3487 1198 3563 protestantium.
1228 3487 1297 3546 Non
1321 3505 1465 3565 negamus
1490 3488 1570 3547 iuter
1594 3504 1750 3547 censorum

429 3592 501 3667 jura
516 3590 593 3649 illud
609 3608 673 3651 esse
688 3592 901 3667 reponendum,
917 3596 953 3651 nt
967 3602 1071 3669 aperte
1094 3612 1178 3655 suam
1204 3594 1358 3671 proferant
1382 3595 1578 3655 sententiam:
1603 3610 1749 3653 memores

435 3712 534 3757 tamen
551 3698 715 3759 officiorum
732 3718 851 3777 quoque
868 3700 929 3759 sint
944 3700 1031 3776 aequi
1055 3702 1196 3766 censoria.
1226 3703 1366 3778 Aequum
1388 3720 1458 3761 saue
1480 3703 1608 3773 ridetur,
1632 3704 1750 3762 utnon

435 3804 537 3865 eadem
554 3806 702 3865 accuratio
717 3810 748 3866 et
764 3808 896 3867 omnium
912 3807 1041 3872 fontium
1058 3809 1189 3887 cognitio
1208 3810 1246 3869 ab
1261 3827 1296 3869 eo
1312 3810 1524 3886 expostuletur,
1541 3810 1594 3884 qui
1609 3809 1748 3868 milleno·

437 3932 504 3972 rum
520 3913 639 3972 brevem
657 3930 688 3972 se
704 3914 856 3990 promittit
872 3914 1014 3975 daturum
1036 3916 1177 3975 notitiam
1201 3917 1389 3992 scriptorum,
1415 3933 1449 3974 ac
1464 3914 1501 3975 ab
1516 3934 1559 3986 eo,
1576 3915 1630 3991 qui
1644 3932 1748 3973 mouo·

435 4018 587 4095 graphiam
603 4037 657 4079 seu
672 4020 877 4098 biographiam
893 4021 929 4080 de
945 4021 1092 4099 singulari
1107 4022 1209 4099 aliquo
1225 4022 1290 4082 viro
1305 4021 1418 4082 illustri
1433 4022 1601 4086 conscribit.
1618 4022 1747 4081 candide

435 4126 573 4197 fatemur,
590 4144 643 4185 nos
660 4146 720 4187 non
736 4128 876 4187 omnibus
892 4146 962 4189 usos
979 4147 1043 4187 esse
1067 4128 1201 4189 lontibus
1225 4132 1258 4189 et
1282 4128 1426 4189 subsidiis
1449 4128 1597 4201 literariis,
1621 4146 1697 4205 qnae
1712 4127 1751 4187 ad

405 4294 407 4301 Α
436 4252 557 4311 scopum
565 4236 702 4293 nostrum
710 4234 841 4295 luissent
852 4236 949 4308 utilia,
960 4237 1141 4313 opportuna,
1151 4236 1211 4294 imo
1222 4239 1253 4294 et
1262 4236 1442 4295 necessaria:
1459 4235 1511 4294 ssd
1524 4246 1638 4311 aequus
1648 4250 1752 4293 musar

437 4340 491 4400 boc
507 4340 539 4401 in
555 4343 731 4418 argumento
748 4342 795 4401 acl
811 4361 917 4418 parum
933 4344 1079 4413 versatus,
1106 4342 1181 4401 sciet
1205 4342 1326 4401 illorum
1350 4340 1464 4417 copiam
1488 4359 1553 4400 esse
1576 4360 1652 4417 pene
1667 4342 1750 4400 inex·

437 4448 580 4507 haustam.
611 4448 654 4506 De
671 4447 719 4507 die
735 4448 767 4508 in
783 4447 862 4507 diem
879 4449 910 4508 in
926 4452 971 4508 tot
986 4447 1065 4508 soliis
1082 4447 1223 4507 litorariis
1248 4446 1406 4523 periodiois
1421 4446 1513 4524 inque
1528 4447 1750 4525 monograpbiis

436 4558 467 4613 et
483 4554 668 4631 biographiis
683 4573 778 4614 novae
794 4574 909 4632 semper
924 4556 1120 4633 proferuntur
1133 4554 1259 4612 notitiae
1275 4571 1362 4630 saepe
1377 4570 1447 4613 rere
1463 4554 1609 4629 pretiosae
1625 4554 1662 4613 de
1677 4553 1749 4613 scri·

437 4661 574 4736 ptoribus
591 4660 765 4720 illustribus
781 4660 1010 4737 praeteritorum
1027 4659 1195 4719 seculorum
1210 4677 1373 4735 eorumque
1389 4659 1539 4734 operibns.
1556 4659 1635 4729 Quot
1649 4678 1752 4719 earum

436 4768 625 4845 collegimus,
642 4766 715 4827 dum
730 4768 811 4845 typis
827 4768 949 4827 daretur
971 4768 1019 4827 hic
1041 4770 1149 4838 tomus,
1174 4766 1286 4842 quibus
1308 4766 1355 4826 nti
1378 4784 1441 4826 non
1456 4766 1584 4845 amplius
1609 4768 1705 4839 licuit,
1721 4773 1752 4827 et

437 4896 564 4951 quarum
581 4876 744 4951 specimina
759 4876 792 4935 in
808 4875 959 4935 Addendis
975 4876 1124 4937 dabimus.
1156 4876 1233 4934 Hinc
1248 4879 1366 4935 nostrae
1381 4876 1492 4936 conscii
1508 4875 1691 4935 infirmitatis
1707 4880 1753 4935 et·

437 5001 496 5058 qne
511 4982 663 5058 egestatis,
681 4982 763 5041 omui
788 4981 927 5042 destituti
951 4982 1080 5043 aliorum
1104 5000 1203 5058 opera,
1230 4982 1317 5054 absit,
1343 4984 1379 5041 nt
1403 4982 1488 5042 nobis
1510 4983 1750 5059 persuadeamus,

438 5088 600 5148 lectoribus
618 5088 755 5149 exhibere
771 5107 847 5167 opus
862 5088 995 5149 numeris
1011 5090 1149 5149 omnibus
1165 5089 1337 5149 absolutum
1352 5089 1431 5149 etad
1446 5089 1583 5149 ultimam
1599 5090 1752 5149 redactum

436 5198 547 5269 limam,
564 5196 638 5257 rude
654 5199 775 5257 tantum
799 5201 847 5257 est
870 5201 900 5257 et
924 5198 1105 5262 inchoatum.
1136 5200 1271 5258 Deerunt
1294 5198 1373 5257 haud
1398 5198 1487 5275 panai
1510 5197 1678 5275 scriptores,
1700 5198 1754 5275 qui
