4350 5934
373 654 433 709 737
823 630 850 685 N
852 630 1002 701 ioephorus
1016 632 1227 704 Homologetes.
1617 656 1678 713 733

371 822 455 881 hiant
476 821 547 881 loeis
569 822 600 879 et
621 819 803 896 portentosis
819 836 941 895 prorsus
958 836 1010 877 sn·
1039 819 1137 891 cretis,
1160 821 1211 880 sed
1228 824 1348 899 propter
1363 822 1560 882 constentiam
1575 824 1607 883 in
1622 824 1680 884 fide

370 930 486 981 norum,
496 910 668 987 praesertim
675 907 928 985 patriarchalium,
939 925 1011 983 sup·
1039 907 1134 967 multa
1149 912 1196 970 est
1210 928 1317 987 passus
1335 912 1425 988 etque
1447 912 1480 971 in
1502 912 1606 973 exsilic
1628 913 1680 973 de·

370 998 581 1077 putationibus
590 1000 705 1058 smtent
720 999 776 1055 eto.
802 996 880 1055 Hinc
890 996 1012 1071 conjicit
1038 998 1136 1057 cessit
1160 999 1213 1059 Pie
1228 1003 1260 1059 et
1274 1000 1393 1079 egregie
1408 1021 1425 1059 a
1440 1005 1535 1061 matre
1543 1003 1680 1063 excultus

370 1087 662 1166 Papebrochius
678 1086 697 1145 l.
713 1103 737 1145 o.
753 1085 946 1163 Theophanes
962 1103 1010 1145 co·
1038 1106 1147 1164 magna
1175 1088 1208 1148 in
1232 1090 1301 1149 aula
1324 1108 1458 1149 caesarea
1481 1090 1608 1167 adeptus
1632 1098 1680 1151 est

369 1179 482 1257 gitesse
491 1176 613 1254 quidem
628 1176 665 1234 de
680 1174 813 1251 ejusdem
822 1174 935 1233 tabulis
945 1192 1010 1234 eos·
1038 1195 1164 1237 munera
1184 1181 1216 1237 et
1230 1178 1332 1239 Irenes
1347 1179 1544 1255 imperatricis
1559 1181 1679 1240 nomine

370 1287 428 1345 que
440 1268 502 1343 jam
513 1266 685 1335 delineare,
703 1264 753 1324 sed
763 1263 902 1324 territum
912 1263 1010 1339 operis
1037 1264 1175 1326 interfuit
1199 1268 1322 1328 concilio
1346 1268 1469 1327 nicaeno
1484 1268 1529 1327 11:
1555 1269 1607 1328 ssd
1632 1289 1679 1329 re-

369 1356 554 1425 difficultate,
585 1354 634 1414 vel
663 1353 774 1413 morbis
801 1352 1011 1429 aerumnisque
1037 1355 1183 1417 nuncians
1205 1356 1312 1417 mundi
1339 1357 1504 1417 honoribus
1526 1360 1558 1416 et
1579 1358 1679 1435 digni-

369 1445 548 1521 impeditum
579 1443 751 1520 desperasse
788 1442 825 1501 de
862 1459 1008 1512 successu,
1036 1443 1154 1507 tatibus
1177 1463 1209 1504 se
1230 1446 1343 1522 recepit
1363 1446 1395 1505 in
1416 1447 1631 1506 monesterium
1655 1466 1679 1506 s.

369 1535 495 1611 ideoque
510 1532 626 1592 loculos
642 1550 703 1591 non
718 1531 868 1609 implesse,
885 1530 1009 1590 sciolum
1036 1532 1181 1595 'dheodori
1197 1534 1233 1593 ad
1249 1553 1330 1595 orem
1346 1536 1494 1610 Bosphori
1516 1555 1534 1595 a
1555 1554 1586 1595 se
1608 1553 1679 1596 con-

368 1628 468 1684 antem
484 1622 634 1699 quendem
648 1621 768 1681 tabulas
791 1621 824 1679 in
844 1620 943 1679 codice
958 1639 1009 1679 va·
1037 1621 1143 1687 ditum.
1170 1623 1290 1683 'l'aresic
1305 1643 1351 1701 ep.
1366 1624 1418 1688 ΟΡ.
1434 1624 1575 1684 defuneto
1586 1620 1678 1706 (806)

368 1715 470 1773 centes
494 1711 638 1787 reperisse
663 1713 753 1785 atque
783 1728 818 1769 ex
848 1708 1010 1785 Nicephori
1037 1710 1133 1771 tactus
1149 1714 1269 1789 estejue
1279 1732 1438 1785 successor,
1455 1731 1531 1789 qnae
1540 1713 1679 1773 festinata

368 1801 603 1878 chronographie
611 1800 735 1876 implere
743 1802 884 1861 tentasse.
900 1798 1008 1868 Quam·
1036 1802 1197 1876 promotio,
1229 1802 1301 1879 quia
1324 1806 1390 1862 erat
1413 1806 1519 1863 contra
1542 1821 1677 1874 oenones,

368 1892 414 1951 vis
430 1894 531 1950 summ
546 1888 738 1965 Theophanes
765 1906 826 1949 non
847 1888 941 1947 tuerit
963 1888 1009 1945 hi·
1036 1890 1130 1949 nullis
1154 1890 1235 1949 enim
1260 1891 1414 1952 ordinibus
1442 1896 1507 1952 erat
1530 1892 1677 1963 initiatus,

369 1979 595 2056 storiographns
621 1979 768 2047 excultus,
799 1996 868 2037 nam
892 1978 1010 2052 praeter
1037 1978 1116 2039 hand
1132 1998 1304 2056 paucorum,
1328 1981 1419 2039 etiam
1440 1981 1555 2040 romani
1577 1981 1677 2057 ponti·

368 2068 565 2129 intentionem
597 2086 629 2127 se
664 2066 793 2127 accinxit
822 2066 858 2125 ad
889 2069 1008 2125 tantum
1036 2067 1114 2138 ficis,
1144 2069 1274 2128 incurrit
1302 2070 1569 2146 reprehensionem.
1615 2069 1678 2129 Sub

368 2176 452 2235 opus,
468 2161 505 2217 ut
520 2157 607 2216 amici
621 2155 794 2215 moribundi
809 2154 883 2216 satis
899 2154 1010 2215 feceret
1036 2156 1132 2216 Leone
1146 2158 1276 2217 Armeno
1299 2177 1366 2219 cum
1388 2157 1541 2218 'l'becdoro
1556 2158 1678 2220 studita

367 2248 455 2319 votis,
479 2246 548 2305 hinc
569 2264 629 2305 non
652 2264 718 2305 raro
741 2248 842 2322 peccet
862 2245 895 2304 in
926 2246 1008 2304 chro·
1036 2244 1155 2305 fortiter
1169 2247 1256 2306 stetit
1271 2266 1324 2324 pro
1340 2266 1380 2312 ss.
1401 2247 1565 2327 imaginum
1581 2248 1676 2319 cultu,

367 2336 547 2413 nographie:
585 2354 646 2395 non
677 2338 757 2395 caret
788 2338 853 2411 ejus
884 2332 1009 2393 historie
1035 2334 1106 2394 binc
1121 2335 1155 2395 in
1169 2336 1305 2397 exsilium
1320 2337 1380 2396 fnit
1395 2338 1500 2413 pulsus
1515 2332 1676 2419 (13.11111.

367 2426 472 2502 pretio,
496 2428 526 2483 et
546 2425 617 2500 quie
633 2423 755 2501 supplet
770 2423 867 2483 fontes
879 2423 941 2499 jam
958 2423 1007 2482 de·
1035 2419 1116 2507 815)
1131 2443 1222 2501 seque
1244 2426 1277 2485 in
1297 2444 1387 2485 sunm
1401 2426 1514 2503 recepit
1527 2428 1677 2485 monaste·

366 2513 510 2592 perditos,
530 2532 546 2573 e
562 2513 672 2589 quibus
688 2512 848 2591 diligenter
863 2530 952 2573 auum
968 2512 1007 2571 ir·
1035 2513 1123 2585 rium,
1146 2514 1199 2573 ubi
1214 2515 1262 2591 pie
1278 2514 1353 2574 obiit
1368 2516 1400 2574 in
1415 2516 1541 2575 Domino
1558 2524 1587 2577 2.
1605 2514 1676 2573 Jun.

366 2602 477 2680 rigavit
492 2621 574 2680 opus,
600 2608 631 2661 et
652 2602 925 2679 propterlingnem
940 2602 1007 2660 vul·
1037 2610 1109 2673 829,
1135 2603 1224 2679 juxta
1253 2604 1327 2664 alios
1354 2612 1415 2668 826
1441 2604 1490 2663 vel
1516 2612 1588 2669 828.
1628 2605 1676 2663 ab

366 2710 475 2770 garam
501 2711 561 2767 qua
584 2695 632 2751 est
655 2692 830 2767 conscripta.
855 2690 1007 2768 vulgetis·
1034 2692 1162 2767 utreque
1177 2692 1310 2753 Ecclesia
1323 2712 1430 2771 graeca
1444 2696 1476 2752 et
1490 2693 1584 2751 latina
1597 2694 1678 2752 inter

367 2782 443 2841 eima
458 2800 492 2840 ea
507 2784 554 2840 eet
570 2782 653 2852 tecte,
674 2780 844 2857 multosque
860 2782 1008 2839 recteest
1036 2784 1151 2840 sanctos
1167 2782 1283 2841 colitur.
1313 2782 1359 2841 Eu
1379 2783 1444 2859 ejus
1460 2782 1627 2842 encomium
1642 2782 1675 2840 in

366 2870 587 2930 mutinuetores
596 2866 629 2952 ¹).
660 2870 776 2929 Prodiit
798 2887 873 2945 opus
892 2886 964 2929 cure
978 2868 1007 2927 J.
1035 2871 1259 2950 martyrologio:
1286 2871 1361 2939 ,CR
1386 2890 1409 2935 e.
1435 2869 1595 2946 Nicephori
1618 2888 1673 2946 ep,

367 2960 464 3019 Goer
487 2958 544 3037 (ed.
567 2954 738 3041 posthuma)
764 2958 887 3019 Parisiis
908 2967 1007 3027 1655;
1035 2959 1087 3033 qui
1112 2959 1304 3035 paternarum
1327 2959 1524 3019 traditionum
1545 2977 1679 3035 propug-

365 3043 446 3132 (cum
454 3042 1004 3130 LeoneGremmatioo)notisetemen·
1034 3050 1122 3106 nator
1145 3050 1316 3120 acerrimus,
1341 3049 1431 3108 Leoni
1454 3050 1583 3110 Armeno
1604 3048 1676 3124 imp.

365 3137 538 3197 dationibus
554 3136 721 3197 combefisii
737 3136 895 3206 illustrate,
911 3136 1006 3195 Vene—
1034 3136 1230 3196 iconoclastae
1245 3156 1299 3214 pro
1315 3138 1400 3197 cultu
1415 3137 1628 3213 saimsginum
1643 3155 1677 3196 se

364 3226 536 3298 tiisl'1293
559 3244 594 3285 ex
615 3226 786 3285 recensione
808 3225 854 3285 Jo.
877 3225 1007 3285 Classeni
1034 3229 1204 3285 constanter
1220 3226 1369 3303 opposuit,
1392 3246 1410 3285 a
1433 3244 1493 3302 quo
1510 3226 1677 3285 mulctatus

367 3312 412 3399 (in
438 3334 516 3391 corp.
542 3314 643 3392 script.
675 3316 744 3374 hist.
774 3310 853 3395 byn.)
886 3314 1006 3375 Bonnae
1034 3314 1138 3379 exsilio
1148 3314 1258 3375 ibidem
1268 3315 1494 3392 quatuordecim
1508 3315 1595 3373 annis
1610 3315 1676 3374 lon·

369 3414 582 3469 ]839-1841
600 3407 669 3475 1.2;
686 3402 922 3481 Migneovlss,
943 3414 1003 3467 9·-
1033 3421 1106 3480 gum
1131 3404 1243 3464 ducens
1268 3404 1447 3481 martyrium
1470 3403 1612 3481 migravit
1635 3402 1674 3463 ad

369 3506 470 3565 10103
494 3512 528 3553 ex
547 3510 603 3553 rec.
621 3494 683 3553 Ger.
700 3494 736 3552 de
752 3495 865 3563 Boor,
889 3492 1006 3568 Lipsiae
1035 3493 1224 3553 Dominum‘
1263 3494 1335 3553 (lum
1365 3492 1517 3553 Theodoro
1547 3492 1675 3565 studita,

369 3590 584 3647 1883-1886
602 3586 625 3641 1.
643 3591 671 3645 2.
1034 3582 1088 3657 qui
1103 3582 1131 3641 ei
1146 3582 1301 3646 familiaris
1318 3585 1383 3641 erat
1396 3582 1517 3654 amicus,
1540 3600 1601 3641 non
1623 3582 1675 3640 ob·

1034 3674 1133 3729 stante
1158 3672 1258 3748 aliquo
1283 3672 1412 3742 dissidio,
1440 3671 1522 3747 qnod
1544 3690 1594 3731 eos
1620 3670 1675 3729 ali·

411 3770 484 3824 481.
508 3761 626 3821 Tertiae
655 3759 784 3837 insignis
813 3759 1006 3838 historiogra·
1034 3761 1178 3835 quamdin
1193 3761 1230 3821 ab
1240 3761 1368 3821 invicem
1378 3760 1490 3835 divisit,
1507 3760 1674 3837 praecipuis

363 3850 442 3928 phus
474 3868 597 3927 graecus
628 3852 675 3908 est
705 3868 728 3909 s.
760 3849 1006 3924 Nicephorus
1034 3848 1124 3925 hujus
1144 3851 1287 3926 temporis
1310 3849 1457 3909 accenseri
1479 3849 1570 3909 debet
1590 3850 1675 3907 theo·

363 3939 572 4016 Homologetes
588 3939 642 3999 cP.
666 3940 756 3999 natus
779 3958 797 3997 e
824 3948 885 4001 758
914 3943 1006 4014 petre,
1033 3938 1110 4016 logis
1133 3942 1165 3998 et
1187 3939 1461 4016 propugnatoribus
1486 3938 1563 4008 fidei,
1588 3956 1674 4013 prae·

364 4028 417 4103 qui
432 4028 625 4088 Constantino
641 4028 825 4103 Oopronymo
841 4026 901 4086 fuit
922 4046 939 4085 e
959 4046 1006 4087 se·
1035 4027 1138 4086 sertim
1161 4029 1237 4087 circa
1262 4046 1301 4087 ss.
1328 4028 1494 4105 imaginum
1518 4021 1675 4109 cnltnml).

364 4152 523 4161 ———
1033 4116 1118 4175 Inter
1138 4117 1202 4192 ejus
1224 4117 1334 4192 scripta
1355 4116 1392 4175 ad
1414 4116 1489 4174 hanc
1504 4118 1673 4175 controver-

422 4203 439 4271 Ι)
459 4198 556 4253 Dicaea
581 4197 761 4253 umfessende
786 4196 885 4261 Werk,
910 4196 1008 4267 inquit
1034 4204 1110 4263 siam
1125 4208 1276 4281 spectant:
1298 4206 1501 4283 Apoloyeticup
1519 4205 1615 4263 minor
1637 4202 1674 4262 ad

362 4269 618 4351 lirurnbecher
640 4268 691 4339 qui
711 4272 843 4323 accurate
856 4268 892 4321 de
905 4285 938 4323 eo
952 4270 1006 4323 dis·
1034 4294 1206 4354 catholicam
1221 4294 1382 4353 Ecclesium
1405 4294 1441 4354 de
1462 4311 1539 4353 novo
1554 4297 1676 4369 propter

362 4344 432 4396 seut
452 4342 645 4410 pose-347,
667 4340 788 4393 welches
809 4358 865 4393 nne
886 4340 1006 4393 manche

361 4412 508 4467 verlorene
522 4411 621 4478 Quelle
635 4414 746 4467 ersetzt.
760 4411 820 4464 und
834 4411 881 4463 fur
893 4411 940 4465 die
954 4412 1005 4466 fol·
1034 4384 1218 4443 venerabiles
1235 4383 1380 4460 imssdinffl
1400 4386 1500 4442 0¹⁰¹t⁰
1517 4382 1675 4441 ³⁰hi³¹¹¹³t⁰

361 4484 475 4555 genden
486 4484 655 4539 Chronisten
668 4482 732 4537 eine
742 4482 1006 4553 Hauptfundgrube

362 4554 476 4619 wirrde,
500 4556 567 4627 rngt
590 4571 628 4607 an
654 4554 811 4610 sechlioher
835 4553 1007 4625 Bedeutung

361 4629 432 4682 uber
444 4626 491 4680 die
504 4627 624 4681 meieten
636 4626 760 4679 anderen
769 4624 1005 4693 byzantinischen
1073 4632 1091 4695 ¹)
1106 4625 1147 4679 Cf.
1161 4625 1332 4679 Ehrherd
1345 4624 1422 4695 opud
1432 4623 1505 4676 Kru
1514 4641 1542 4676 m
1551 4622 1677 4677 bacher

362 4698 527 4753 (thronilren
549 4714 656 4768 emper.
685 4697 875 4767 Theophanes
897 4696 936 4750 ist
960 4698 1006 4750 111
1033 4696 1075 4750 ed.
1090 4701 1115 4749 2.
1129 4696 1319 4779 pag.72:Die
1347 4693 1675 4817 edruchtenasscbritten)

361 4770 439 4825 scine
465 4768 526 4823 Zeit
550 4767 798 4839 epochemechend
824 4767 882 4823 und
913 4766 1007 4821 bildet
1033 4768 1231 4823 ...zerchnen
1246 4768 1306 4821 sich
1342 4768 1411 4821 1111
1423 4767 1506 4820 edlen
1528 4765 1675 4828 'termuth

361 4840 446 4895 einen
471 4841 628 4911 wiehtigen
648 4841 802 4895 Absohluss
822 4838 872 4893 der
897 4841 1004 4894 elteren
1032 4839 1227 4908 ouegedehnte
1252 4838 1408 4893 Kenntnies
1439 4838 1489 4891 der
1508 4836 1590 4891 Bibel
1614 4835 1676 4890 und

305 4900 312 4915 ⁸
362 4910 1003 4981 byzantinischenChrouographie.Cf.Schhr
1051 4906 1677 4978 atristischenlitcraturana,l'ielseitiglreit

360 4986 513 5039 comment.
526 4983 589 5037 crit.
602 4984 637 5037 de
650 4982 764 5053 scriptis
776 4984 806 5035 ct
819 4981 1004 5052 scriptoribus
1032 4930 1463 5050 derGesichtepunhte.Schdrfe
1473 4978 1675 5034 derllialektilr

361 5054 429 5110 hist.
442 5073 471 5125 p·
485 5062 635 5113 466-471.
662 5054 701 5109 De
714 5055 802 5124 hujus
815 5071 861 5124 op.
875 5053 1004 5107 versione
1031 5049 1674 5121 undeinelrroftvollefliessendeDaretellung.

360 5124 1004 5181 ahAnastesiobibliothecarioadornata
1031 5123 1072 5179 cf.
1105 5125 1231 5194 ejusdem
1262 5128 1424 5179 aestuatum
1455 5124 1521 5178 dise.
1546 5121 1603 5178 Kb.
1627 5122 1675 5187 IX,

360 5196 436 5252 intra
450 5199 609 5267 loquemur.
1031 5200 1181 5254 aes-259.

469 5296 564 5355 llorter,
579 5296 742 5343 Nomenclntor
754 5296 764 5341 1
778 5294 813 5342 ed.
828 5294 871 5342 lll.
1461 5291 1496 5341 21
