4350 5934
381 588 443 646 305
833 568 999 625 Theodorus
1012 567 1239 640 Mopsueetenus.
1625 586 1687 643 305

376 760 535 837 plerosque
549 758 829 817 deuterocanonicoa
844 756 922 817 lta.
940 774 1020 814 aca-
1046 758 1110 815 tata
1126 774 1165 817 aa.
1182 755 1403 831 Scripturarum
1419 755 1572 831 explicuit·
1596 756 1690 828 Quiu-
1781 782 1785 801 ,

379 866 457 909 none
472 846 613 917 excludit,
637 845 740 906 sensui
759 844 974 923 grammaticali
989 858 1021 903 et
1046 844 1192 923 todecimo
1213 861 1284 903 vero
1308 844 1460 905 volumine
1478 848 1577 905 totum
1593 847 1690 923 operis

376 936 489 997 literali
503 936 595 995 nimia
617 936 760 1004 inhaeret,
784 937 885 1010 spreta
905 934 1019 993 intelli·
1047 934 1095 993 aui
1118 952 1225 1011 corpus
1240 934 1339 993 citatis
1353 934 1443 993 etiam
1459 938 1578 1012 patrum
1594 936 1690 995 tradi·

378 1026 482 1105 3111111
505 1024 614 1095 altiori,
644 1024 733 1101 plura
756 1024 855 1099 rejicit
878 1022 1021 1082 uaticinia
1047 1024 1182 1083 tionibus
1192 1023 1377 1083 confirmarit
1387 1025 1420 1082 et
1432 1021 1691 1107 communiales

377 1114 525 1174 messiano
539 1117 570 1173 et
585 1113 729 1173 audacius
744 1132 762 1172 a
784 1118 905 1189 patrum
920 1113 1020 1187 expla-
1049 1111 1107 1171 Sed
1124 1114 1333 1172 nonobstante
1342 1114 1429 1171 tanto
1439 1112 1535 1192 slogio
1552 1115 1629 1173 circa
1644 1116 1691 1173 in·

377 1204 500 1264 natione
524 1203 644 1262 recedit
683 1202 761 1261 Hinc
785 1202 907 1278 scripsit
929 1201 1019 1260 etiam
1048 1201 1231 1261 carnationis
1240 1201 1417 1277 mysterium
1427 1202 1545 1273 emerit,
1560 1203 1692 1262 Nestorii

379 1310 456 1369 opua
471 1292 583 1370 gaarma
598 1290 782 1351 tomorum-V
797 1292 937 1350 1111111111
950 1290 1020 1348 alle·
1048 1290 1114 1367 agit
1136 1308 1366 1367 praecursorem,
1391 1290 1504 1367 duplici
1528 1292 1560 1349 iu
1576 1292 1692 1352 Christo

377 1384 514 1460 portatos,
541 1380 621 1457 quod
646 1381 723 1441 forte
747 1384 795 1439 eat
820 1378 906 1449 illud,
933 1379 1020 1454 cujus
1047 1378 1179 1439 admissa
1193 1398 1328 1454 persona,
1346 1382 1378 1439 et
1393 1381 1690 1440 statuensOhriatum

379 1471 517 1531 meminit
543 1469 748 1529 Facundus
772 1468 1020 1528 herminianeusis
1048 1468 1692 1544 hominemaconcupiscentiiscaruisfuiase

378 1554 1019 1639 torriduaejusapologata(b1igneLXVII,
1047 1558 1250 1627 molestatum,
1275 1577 1293 1616 a
1315 1558 1402 1617 malis
1425 1558 1569 1633 paulatim
1594 1578 1625 1618 ae
1646 1576 1692 1619 se·

380 1653 473 1724 602)ε
498 1648 609 1717 ,Liber
630 1649 666 1708 de
688 1649 827 1723 1111911111
845 1655 871 1706 ct
885 1648 1018 1721 historic,
1049 1664 1177 1721 paramo,
1195 1664 1230 1705 er
1247 1646 1514 1723 prolectuoperum
1525 1646 1619 1709 fuisso
1631 1666 1692 1707 me·

379 1756 469 1814 quam
483 1743 586 1797 contra
599 1736 756 1814 origenem
772 1737 922 1813 scripsit‘
947 1736 1020 1793 Plu·
1048 1735 1198 1805 lioratum,
1209 1734 1399 1811 adoptionem
1409 1737 1617 1811 promeruisse.
1631 1756 1692 1797 nou

379 1828 456 1886 rima
470 1844 590 1903 quoque
608 1826 733 1901 reliquit
755 1842 843 1901 opera
865 1825 1020 1902 dogma·
1048 1842 1113 1884 ease
1122 1826 1231 1884 Deum:
1247 1824 1318 1884 hinc
1327 1824 1450 1885 Mariam
1466 1842 1531 1883 esse
1542 1826 1596 1885 Dei
1606 1828 1691 1903 geni·

379 1917 473 1985 tica,
489 1934 617 1992 quornm
628 1915 743 1991 aliquot
753 1913 920 1991 fragmenta
928 1912 1020 1972 habea
1048 1915 1152 1973 tricem
1168 1932 1237 1990 prae
1252 1914 1392 1973 concione
1402 1916 1645 1992 apartenegavit
1663 1918 1694 1974 et

379 2006 411 2064 in
435 2006 559 2083 iligna
580 2004 613 2066 P.
631 2004 665 2063 (l.
688 2003 788 2074 LXVI,
812 2012 1020 2067 eea-1020.
1048 2002 1169 2062 nonnisi
1185 2004 1223 2061 ob
1247 2006 1326 2061 ortas
1342 2002 1422 2063 inter
1437 2002 1538 2062 fideles
1555 2004 1694 2064 scandala

378 2095 463 2153 Inter
478 2094 549 2153 haec
562 2093 620 2162 ,de
628 2093 834 2153 incarnatione
842 2092 970 2164 Domini,
985 2095 1021 2151 ut
1049 2096 1080 2151 et
1095 2090 1209 2162 turbas,
1229 2091 1425 2151 assertionem
1441 2093 1601 2152 revocarit.
1635 2092 1693 2151 Ne·

379 2182 485 2242 scribit
501 2182 725 2242 Gennadius
745 2182 782 2241 dc
798 2184 853 2242 vir.
868 2183 912 2242 ill.
927 2200 952 2240 c.
972 2190 1021 2251 12,
1048 2180 1132 2258 gavit
1147 2184 1178 2239 et
1192 2184 1346 2257 peccatum
1362 2180 1506 2258 originale
1520 2183 1694 2258 praesertim

378 2272 413 2335 ll.
432 2281 471 2334 15
494 2271 532 2329 ad
547 2269 718 2346 quindecim
733 2272 816 2329 milia
831 2288 936 2330 varana
952 2287 1020 2329 oon·
1048 2270 1081 2327 in
1096 2269 1126 2329 ll.
1143 2270 1168 2328 V
1183 2274 1259 2351 apic
1275 2270 1345 2341 τοὺς
1360 2272 1505 2350 λέγοντας
1521 2265 1615 2354 φύσει,
1643 2272 1694 2333 sci

379 2362 521 2429 tinentas,
544 2361 576 2418 iu
598 2359 710 2435 quibua
730 2360 845 2419 ratione
859 2358 1022 2435 purissima
1049 2353 1085 2421 cb
1100 2360 1205 2442 γνώμῃ
1222 2362 1333 2423 πταίειν
1348 2360 1420 2429 τοὺς
1429 2356 1615 2443 ἀνθρώπους
1625 2378 1694 2419 con·

379 2453 413 2507 et
435 2449 618 2508 testimoniis
633 2449 857 2524 Scripturarum
879 2446 1020 2517 ostendit,
1048 2452 1096 2506 tra
1113 2452 1278 2507 asserentes
1291 2448 1426 2508 homines
1442 2466 1562 2523 peccare
1577 2456 1693 2519 natura,

380 2539 415 2597 D.
431 2538 537 2597 ,lesum
559 2538 640 2597 sicut
653 2537 873 2613 plenitudinem
888 2536 1019 2606 deitatis,
1049 2554 1111 2597 non
1136 2537 1299 2607 voluntate,
1328 2538 1415 2611 cujus
1440 2554 1486 2613 op.
1513 2539 1695 2599 mentionem

380 2627 425 2685 ita
438 2626 658 2702 plenitudinem
667 2626 862 2686 humanitatis
872 2626 1021 2686 habuisse.
1049 2627 1121 2686 facit
1138 2627 1301 2685 Photius
1317 2625 1611 2707 eod.0Lxxv11(ui
1623 2645 1694 2706 gne

381 2716 474 2775 Docet
488 2719 520 2773 et
534 2715 937 2775 hominemduabuatantum
949 2715 1021 2774 auh·
1049 2718 1082 2780 P.
1100 2716 1133 2775 (l.
1150 2715 1223 2784 0111,
1242 2724 1304 2779 513
1323 2714 1385 2793 sa).
1417 2716 1453 2774 Iu
1472 2716 1539 2775 aliis
1555 2716 1646 2775 etiam
1661 2718 1693 2775 in

381 2805 501 2863 stantiia
517 2808 663 2873 conitere,
680 2804 780 2875 idest,
796 2806 942 2863 animast
957 2820 1022 2863 cor-
1051 2805 1281 2881 pelagianorum
1295 2822 1410 2863 errores
1425 2804 1540 2874 incidit,
1558 2804 1695 2881 quocirca

379 2910 460 2970 pore,
476 2910 658 2969 sensumque
672 2897 703 2953 et
718 2894 858 2969 spiritum
871 2912 933 2953 non
946 2894 1022 2951 alte·
1051 2894 1158 2952 borum
1173 2893 1359 2969 coryphaeus
1374 2892 1513 2953 Julianus
1529 2894 1694 2955 eclanensis

381 3001 445 3041 ram
461 2982 669 3053 substantiam,
693 2982 745 3042 aad
767 2982 864 3041 officia
877 2998 942 3042 ease
957 2982 1022 3041 ani·
1053 3000 1123 3040 eum
1139 2981 1223 3051 adiit,
1247 2984 1283 3040 nt
1304 2982 1337 3041 in
1360 3000 1459 3041 errore
1477 2981 1590 3041 tuendo
1606 2981 1642 3041 ab
1658 3000 1693 3041 ao

380 3090 446 3131 mae
461 3072 605 3151 ingenita
631 3070 743 3147 quibua
758 3071 895 3147 inspirat,
912 3071 1022 3147 quihus
1052 3071 1256 3129 instrueretur
1287 3073 1318 3129 et
1348 3070 1581 3131 confirmaretur.
1622 3071 1694 3130 Cum

380 3161 566 3221 rationabilia
588 3162 645 3234 eat,
668 3160 779 3237 quibua
795 3160 937 3220 sensibile
953 3159 1024 3218 facit
1053 3158 1224 3218 Nestor-iani
1255 3160 1320 3234 ejus
1352 3158 1469 3234 scriptis
1507 3160 1633 3218 maxime
1665 3164 1695 3219 et

379 3268 497 3327 corpus.
522 3249 668 3320 Quartum
682 3248 833 3310 decimum
847 3252 947 3309 autern
967 3248 1022 3307 hu·
1052 3248 1232 3307 auctoritate
1262 3246 1473 3317 abuterentur,
1506 3252 1606 3308 coacta
1636 3248 1696 3307 luit

376 3340 430 3414 jus
444 3340 544 3415 operis
559 3341 580 3397 l.
595 3339 717 3415 propria
732 3337 1024 3398 deincreataataola
1052 3336 1184 3412 synodus
1209 3336 1397 3396 oecumenica
1421 3336 1455 3405 V,
1487 3356 1563 3413 quas
1593 3338 1695 3413 plnres

350 3432 359 3465 ⁸
379 3429 556 3505 incorporea
570 3428 748 3504 dominaque
765 3428 898 3486 omnium
917 3426 1024 3489 1111-
1051 3427 1184 3497 eiusdem
1201 3442 1316 3483 errores
1339 3428 1370 3483 et
1393 3425 1503 3501 scripta
1522 3428 1696 3487 solemniter

380 3515 486 3577 nitatis
501 3522 611 3579 natura
631 3522 663 3576 et
687 3517 724 3576 de
747 3521 951 3577 creaturarum
974 3534 1023 3573 ra·
1051 3514 1295 3591 gravissimisque
1315 3514 1414 3573 uerbis
1439 3514 1549 3575 iterato
1574 3516 1695 3575 damna-

380 3606 463 3665 tione
473 3606 624 3665 disserens
639 3607 688 3681 pio
704 3624 795 3665 aenan
810 3624 879 3665 cum
894 3604 1023 3663 auctori·
1051 3600 1137 3677 viu).
1173 3604 1220 3663 Ita
1251 3622 1295 3663 ex.
1319 3622 1364 3680 gr.
1395 3620 1458 3664 can.
1493 3613 1531 3667 12
1557 3604 1695 3682 legimns,

1055 3728 1114 3735 —a-

377 3776 411 3845 ja
422 3776 586 3829 mauchmal
599 3775 687 3845 gieug
706 3790 736 3830 er
755 3776 829 3829 noch
843 3774 951 3838 weiter,
964 3773 1025 3827 und
1093 3778 1111 3845 ι)
1125 3773 1253 3829 Alterius
1261 3772 1361 3843 magni
1369 3772 1463 3842 operia
1478 3773 1696 3827 meminitPho-

381 3847 468 3901 aare
493 3846 534 3901 aie
566 3864 621 3901 nur
649 3862 702 3917 per
732 3845 1024 3901 accommodationem
1052 3844 1388 3917 tiuacod.4(ldigne
1403 3842 1473 3905 Clll,
1488 3848 1531 3915 52)
1556 3862 1623 3914 ,pro
1647 3844 1698 3897 Ba-

381 3916 575 3982 meaaianiach,
589 3916 686 3971 indem
698 3934 730 3971 ea
739 3918 779 3971 aie
788 3918 832 3971 ala
841 3916 1025 3986 Weiaaagun·
1054 3914 1120 3971 silio
1134 3921 1263 3971 adver-aua
1276 3920 1441 3971 Ecrroms'um
1455 3915 1485 3968 ll.
1498 3914 1582 3969 XXV.
1596 3914 1646 3969 Eat
1654 3915 1698 3968 illi

382 4004 438 4059 gen
459 4004 493 4043 ex
516 3990 622 4043 eventu
652 3989 775 4044 deutete.
801 3989 834 4042 ln
856 3988 954 4043 aeinen
973 4004 1025 4041 aua
1053 3986 1168 4059 phrasis
1199 4002 1258 4040 non
1289 4001 1499 4055 usquequaque
1531 3987 1697 4069 perspicue:

383 4058 484 4116 olida.
505 4060 697 4116 beatehenden
717 4060 1025 4115 Psalmencommentar
1054 4060 1186 4113 sensibus
1208 4061 1305 4113 tamen
1325 4060 1355 4110 et
1374 4058 1553 4128 argumentis
1576 4056 1698 4111 nimium

383 4131 742 4201 basogernurtPaalmen
751 4130 1025 4204 (2.8.4a.110LXX)
1054 4133 1195 4199 quantum
1217 4129 1331 4192 densus,
1352 4146 1372 4181 a.
1386 4129 1551 4199 Scripturas
1573 4129 1698 4185 testimo-

382 4200 474 4257 direct
492 4202 554 4257 und
573 4202 613 4256 im
626 4202 801 4257 Literulainn
823 4203 876 4255 auf
886 4202 1025 4265 Christus,
1053 4201 1111 4256 niis
1133 4200 1247 4272 egregie
1269 4200 1408 4253 abundat.
1434 4199 1478 4252 Ad
1500 4201 1617 4255 verbum
1640 4202 1698 4254 fere

382 4272 429 4327 die
441 4273 567 4327 anderen
581 4275 703 4328 erklarte
723 4292 754 4327 er
763 4274 879 4343 judaice
893 4314 899 4324 .
915 4314 920 4325 .
934 4313 940 4325 .
964 4272 1026 4326 Von
1054 4272 1191 4327 Eunomii
1200 4272 1326 4325 rationes
1334 4270 1449 4327 refellit.
1457 4270 1625 4341 imperitum
1633 4286 1699 4326 eum

382 4344 440 4398 den
469 4344 663 4399 historischen
695 4344 909 4399 Varhtltniaaen
941 4346 1027 4398 unter
1054 4343 1138 4398 valde
1151 4346 1334 4397 externarum
1355 4342 1575 4413 disciplinarum
1596 4342 1700 4398 multo·

383 4414 486 4478 David,
518 4415 662 4481 Ezechias,
692 4416 847 4471 Zorobubel
879 4417 937 4469 und
969 4415 1026 4469 (len
1054 4432 1111 4484 que
1133 4414 1226 4485 magis
1247 4416 1359 4468 nocuae
1382 4413 1545 4484 theologiae
1566 4414 1699 4485 pluribus

383 4484 631 4543 mohabitarum
644 4488 736 4542 altaro
749 4503 815 4541 vero
831 4505 877 4557 op.
891 4486 1026 4541 Thuld.
1055 4485 1231 4541 ostendens*
1269 4484 1391 4555 Scripsit
1421 4490 1569 4555 praeterea
1600 4489 1698 4541 contra

392 4560 430 4611 ct.
450 4556 527 4613 inira
567 4566 640 4617 .306
659 4563 696 4632 a.)
716 4560 787 4613 bene
807 4561 890 4612 notat
910 4578 938 4628 p.
960 4566 1026 4614 124:
1054 4556 1261 4629 Apollinarem,
1274 4558 1373 4609 contra
1387 4556 1513 4627 magiam
1528 4558 1581 4609 etc.

382 4563 436 4685 ς111.
448 4578 624 4686 iatrieffach
643 4631 687 4685 ala
707 4629 881 4684 Rationaliat
902 4629 933 4683 in
946 4630 1026 4685 Com·
1091 4632 1112 4699 ¹)
1124 4626 1411 4683 Cl.KihnTheodor
1419 4646 1445 4682 1.
1457 4626 1632 4697 Mopsuestia
1640 4627 1699 4679 und

382 4701 773 4757 meutarienderbibliaohen
782 4700 1027 4756 Bucharbeaeich·
1054 4699 1184 4754 Juniliua
1209 4698 1366 4753 Afrilranua
1387 4700 1431 4753 als
1450 4698 1604 4771 Exegeten,
1627 4698 1701 4751 Frei-

384 4777 436 4827 net
456 4774 581 4828 worden.
606 4773 691 4829 Seiae
713 4772 877 4843 llrlrltrung
890 4774 929 4826 iat
951 4770 1027 4826 wohl
1057 4770 1701 4843 111181880111101.0111111.’1“111111ις1111880

385 4845 496 4900 uberali
508 4845 659 4905 rationellz
678 4846 746 4899 aber
760 4844 936 4899 Rationaliat
947 4843 986 4899 iat
997 4858 1028 4895 er
1055 4862 1085 4915 p.
1101 4850 1151 4899 531
1166 4861 1216 4897 aa:
1230 4842 1287 4895 Kb.
1303 4849 1358 4905 11¹,
1375 4850 1441 4897 1515
1455 4847 1529 4901 --223
1544 4841 1701 4895 Bardon-

384 4913 561 4987 keineawega
591 4916 632 4969 im
662 4916 818 4971 modemen
849 4916 938 4971 Sinna
977 4916 1028 4968 dea
1056 4912 1700 4982 1111117311.1811111111111111111.

383 4986 506 5042 Wortea.
520 4988 642 5043 lnallen
656 4986 754 5041 aeinen
766 4988 912 5043 Schriften
925 4990 1027 5056 begeg·
1057 4984 1246 5055 Standpunlrt
1276 4985 1325 5037 des
1350 4984 1494 5037 Theodora
1520 5000 1546 5037 r.
1573 4984 1609 5036 bl.
1640 4982 1700 5037 uud

384 5060 436 5111 net
446 5076 478 5112 er
495 5076 551 5113 una
569 5061 613 5114 ala
625 5057 793 5113 Verfechter
813 5058 865 5113 der
882 5057 1027 5130 positiren
1057 5056 1219 5110 'l'heodoret
1239 5072 1295 5109 von
1309 5056 1400 5123 Kyros
1423 5055 1453 5106 in
1467 5054 1518 5106 dar
1531 5056 1701 5124 Aualegung

385 5129 544 5199 gottlichen
557 5127 755 5201 Offeuoarung
768 5134 820 5186 etc.
1055 5126 1701 5197 messianiachcrWeisaagungausihrenCom-
