4350 5934
1686 658 1727 715 IX

418 842 603 902 recensendo
625 841 747 903 scholae
769 860 786 901 0
808 860 830 903 0.
847 828 988 901 1110011110
1006 834 1037 923 (1
1057 836 1155 922 1109)
1178 840 1215 899 01
1237 838 1396 898 concilium
1418 856 1514 913 usqne
1529 835 1728 895 tridentinum

412 950 578 1027 theologos.
610 950 652 1009 De
667 967 727 1025 quo
741 952 843 1009 tamen
859 947 981 1007 consilio
996 948 1240 1007 liceatlectorem
1255 964 1385 1017 monere,
1401 949 1438 1005 111
1453 946 1577 1021 aequius
1593 943 1730 1003 efformet

409 1056 570 1133 judicium,
581 1058 756 1117 intentionis
766 1058 885 1117 nostrae
895 1075 956 1116 non
971 1056 1073 1127 fuisse,
1088 1072 1193 1114 omnes
1209 1058 1360 1131 quotquot
1375 1054 1472 1113 medio
1488 1070 1560 1112 aevo
1576 1053 1729 1112 doetrinae

414 1164 492 1223 inme
505 1165 702 1225 inclaruerint
716 1173 867 1224 recensere
882 1164 1053 1241 theologos:
1070 1164 1126 1222 hoc
1139 1148 1219 1222 enim
1234 1162 1344 1222 infiniti
1360 1161 1470 1220 fuisset
1481 1160 1594 1220 laboris
1609 1160 1728 1218 minus·

414 1288 474 1345 que
489 1274 525 1331 ut
540 1271 626 1331 nobis
641 1270 762 1330 ridetur
777 1269 879 1329 0111101
903 1270 1020 1329 sedens
1035 1289 1106 1346 prae
1121 1270 1235 1347 primis,
1261 1287 1391 1344 quorum
1406 1267 1523 1326 labores
1540 1267 1577 1325 ad
1592 1269 1728 1342 posteros

413 1377 496 1453 typis
512 1377 636 1437 inerunt
651 1377 826 1436 transmissi.
858 1375 943 1446 Quod
966 1376 992 1435 si
1015 1377 1203 1453 quorundam
1226 1376 1352 1435 aliorum
1376 1374 1608 1446 meminerimus,
1624 1391 1727 1431 eorum

413 1484 516 1542 1011101
530 1484 651 1544 nomina
666 1484 698 1544 in
713 1484 832 1544 tabellis
848 1502 908 1543 non
924 1485 1158 1564 comparebunt,
1174 1502 1271 1560 neque
1294 1500 1397 1541 eorum
1419 1500 1509 1557 opera
1525 1480 1730 1555 manuscripta

413 1590 445 1648 in
462 1608 563 1649 rerum
578 1608 632 1649 seu
648 1591 836 1650 materiarum
853 1589 960 1653 indice.
990 1591 1156 1649 Auctornm
1178 1608 1257 1660 vero,
1282 1607 1410 1665 qnorum
1433 1586 1615 1647 mentionem
1638 1585 1727 1645 facie·

414 1716 490 1767 mus,
506 1716 544 1757 ne
558 1698 710 1776 integrum
725 1702 877 1775 exspectes
894 1715 1018 1775 operum
1035 1698 1229 1777 (ineditorum
1246 1691 1431 1778 praesertim)
1441 1694 1620 1772 catalogum,
1630 1712 1730 1769 neque

413 1822 533 1863 omnem
548 1804 585 1864 de
601 1805 673 1881 ipsis
688 1806 890 1866 literaturam:
915 1807 990 1865 hunc
1014 1806 1096 1865 enim
1120 1805 1206 1865 facile
1231 1804 1360 1880 reperies
1386 1803 1504 1879 copiose
1528 1802 1681 1860 collectam
1697 1800 1728 1859 in

414 1912 623 1971 chevalier
645 1913 879 1988 1111011011·εᾶοο
895 1916 1016 1974 Sources
1032 1916 1205 1991 historiques
1219 1914 1260 1971 du
1276 1912 1379 1989 Moyen
1395 1914 1465 1989 Age,
1483 1910 1579 1969 Pariis
1599 1919 1726 1973 1871-

418 2028 502 2083 1886
529 2022 559 2078 01
582 2020 614 2079 10
638 2022 981 2099 0100101180111111010111,
1008 2022 1048 2080 ib.
1069 2030 1162 2085 1888.
1192 2020 1297 2078 Fateor
1319 2006 1438 2096 quoqne
1459 2036 1507 2076 me
1529 2016 1636 2093 majori
1651 2016 1728 2075 forte

414 2127 573 2204 diligentia
589 2128 626 2186 de
642 2128 714 2188 viris
731 2129 827 2188 doctis
843 2129 939 2208 egisse
954 2129 1092 2189 ordinum
1108 2127 1292 2204 regularium
1309 2145 1400 2201 quem
1410 2126 1480 2185 cleri
1492 2123 1641 2196 secularis,
1658 2142 1728 2183 sane

414 2233 623 2311 1011110111οι1
640 2234 749 2306 studio,
767 2235 819 2295 sed
835 2220 916 2311 quod
931 2235 967 2294 de
983 2235 1043 2294 illis
1060 2222 1158 2293 fontes
1174 2233 1300 2292 literarii
1316 2231 1440 2291 uberius
1462 2232 1559 2290 fluant
1579 2248 1669 2305 quam
1692 2230 1730 2289 de

415 2338 472 2409 bis,
489 2340 540 2414 qui
557 2339 681 2399 seorsim
696 2344 727 2400 01
742 2326 914 2401 1100101011
931 2342 964 2401 in
979 2342 1093 2401 familia
1107 2340 1244 2399 viventes
1260 2339 1379 2398 facilius
1396 2338 1459 2397 dati
1474 2338 1559 2397 fuere
1574 2335 1727 2397 oblivioni.

414 2446 488 2504 Cum
504 2448 534 2504 01
549 2446 624 2505 hanc
639 2446 875 2508 Nomenclatoris
891 2452 1015 2526 partem,
1033 2449 1094 2508 Deo
1108 2449 1249 2525 propitio,
1266 2450 1421 2523 utcunque
1437 2445 1652 2505 absolverimus
1676 2444 1728 2504 ad·

414 2554 492 2627 10010
507 2553 659 2629 prioribus
673 2554 774 2615 tribus
797 2557 887 2616 tomis
904 2559 1011 2633 quarto
1033 2556 1119 2633 isque
1142 2556 1222 2615 head
1244 2555 1347 2632 paucis
1370 2572 1431 2613 non
1453 2571 1558 2629 parum
1583 2552 1727 2623 arriserit,

414 2660 511 2718 multe
522 2660 585 2735 jam
602 2679 655 2720 nos
671 2662 826 2739 urgebant,
852 2666 888 2723 ut
903 2664 1047 2723 ultimum
1062 2664 1272 2723 adhiberemus
1288 2665 1437 2730 conatum,
1464 2678 1524 2736 qno
1540 2659 1660 2719 demum
1676 2658 1727 2718 ab·

413 2768 690 2845 solveremusopns,
707 2770 863 2829 elenchum
880 2770 942 2833 scil.
958 2770 1091 2829 omnium
1100 2771 1309 2846 theologorum
1318 2768 1531 2827 catholicorum
1540 2768 1634 2825 totius
1644 2786 1729 2825 aerae

415 2872 603 2938 christianae.
629 2875 725 2955 ¹Quare
741 2894 849 2936 novam
860 2878 923 2953 jam
940 2876 1133 2954 aggredimur
1147 2876 1317 2944 editionem,
1335 2874 1422 2950 cujus
1438 2876 1460 2932 t.
1476 2872 1500 2936 I.
1516 2874 1730 2949 complectatur·

414 2978 570 3058 theologos
587 2984 754 3059 0101111010
769 2984 973 3060 apostolorum
989 3002 1086 3059 usque
1102 2982 1139 3041 ad
1155 3000 1179 3041 0.
1195 2982 1381 3053 Anselmnm,
1398 2999 1466 3039 cnm
1482 2979 1514 3038 hi
1530 2979 1627 3038 adbuc
1642 2978 1727 3038 dees-

416 3088 492 3147 sent.
522 3084 633 3146 Verum
657 3088 736 3147 hunc
759 3088 888 3148 laborem
911 3088 1075 3148 reddebant
1090 3088 1301 3147 difficillimum
1324 3090 1354 3146 01
1369 3104 1417 3144 010
1433 3084 1543 3155 0111100,
1560 3102 1637 3159 quae
1652 3084 1729 3143 circa
1819 3138 1823 3145 .

415 3194 591 3256 celebriores
607 3198 743 3255 auctores
759 3196 899 3272 antiquos
915 3195 975 3255 fere
991 3214 1094 3255 omnes
1110 3196 1268 3254 innumera
1283 3195 1384 3255 movet
1398 3193 1491 3252 dubia
1508 3186 1643 3273 (consule
1660 3210 1727 3267 spe-

416 3300 533 3359 ciminis
549 3302 647 3379 gratia
668 3302 841 3361 Ehrhard
864 3302 919 3361 Die
942 3303 1097 3362 altchristl.
1113 3302 1266 3360 litaretur
1287 3301 1351 3359 und
1372 3300 1437 3358 ihre
1452 3297 1656 3374 Erforscbung
1672 3296 1730 3355 seit

419 3417 512 3477 1880,
537 3409 681 3488 Freiburg
704 3410 1250 3481 11Β1.1894;10111884-1900,
1273 3407 1313 3469 ib.
1339 3403 1447 3489 1900),
1471 3408 1502 3465 et
1525 3404 1632 3482 ingens
1659 3402 1729 3462 inde

416 3516 515 3593 pelagi
534 3517 631 3576 instar
651 3516 821 3575 inexhausti
836 3520 923 3575 enata
938 3516 974 3575 de
989 3534 1172 3591 unoquoque
1193 3514 1338 3591 scriptore
1361 3514 1526 3582 literatura,
1550 3514 1581 3571 et
1595 3509 1729 3587 rigidum

416 3628 518 3683 nostra
533 3626 630 3683 aetate
646 3624 778 3684 virorum
794 3624 982 3683 eruditorum
997 3622 1033 3681 de
1049 3622 1136 3681 libris
1151 3621 1393 3699 bibliographiois
1406 3619 1564 3696 judicium.
1586 3618 1666 3675 Hinc
1680 3635 1728 3675 co·

415 3732 506 3790 natus
521 3730 699 3808 magnitudo
723 3733 755 3790 et
778 3730 939 3791 difficultas
964 3731 1124 3809 exigebant
1146 3716 1288 3790 editionis
1314 3729 1488 3788 dilationem
1514 3727 1546 3785 in
1568 3742 1670 3795 annos,
1693 3726 1730 3782 ut

415 3836 613 3897 bibliothecae
628 3838 798 3897 accuratius
814 3838 935 3897 interim
951 3840 1169 3908 excuterentur,
1192 3837 1288 3895 fontes
1303 3837 1400 3895 adhuc
1414 3835 1518 3912 1110100
1535 3833 1728 3892 0010010101-

414 3948 477 4016 tur,
494 3948 650 4005 anctorum
672 3949 817 4018 veterum,
841 3944 893 4021 qni
916 3946 953 4005 de
976 3946 1024 4005 die
1046 3946 1077 4005 10
1100 3946 1177 4004 diem
1201 3964 1217 4003 e
1239 3943 1372 4003 tenebris
1397 3944 1556 4012 eruuntur,
1580 3939 1728 3999 editiones

415 4054 672 4129 exspectarentur:
688 4070 793 4111 verum
809 4054 947 4111 senectus
964 4055 1134 4127 exspectare
1143 4051 1257 4126 nequit,
1274 4068 1329 4109 nec
1343 4068 1487 4108 annorum
1504 4046 1647 4106 decennia
1663 4045 1728 4119 pol-

416 4158 499 4219 liceri
514 4158 573 4218 sibi
588 4159 696 4235 potest
728 4159 839 4218 Solatia
855 4159 946 4218 etiam
968 4159 1054 4218 nobis
1077 4158 1145 4228 fuit,
1162 4158 1292 4217 laborem
1318 4156 1482 4232 plurimum
1498 4153 1605 4224 minui,
1623 4153 1728 4211 saltem

414 4284 513 4341 usque
528 4266 566 4324 ad
582 4267 714 4326 seculum
731 4266 901 4343 septimum,
923 4265 1056 4325 virorum
1079 4265 1266 4341 quorundam
1282 4263 1524 4323 doctissimorum
1549 4262 1660 4320 studiis
1676 4260 1730 4319 ad-

416 4370 538 4431 modum
553 4371 708 4443 aecnratis‚
727 4372 846 4447 quibus,
864 4374 899 4431 ut
914 4372 993 4449 grati
1009 4372 1147 4443 fatemur,
1164 4370 1325 4446 diligenter
1339 4387 1443 4428 snmus
1459 4368 1517 4437 usi,
1542 4367 1622 4443 quod
1637 4367 1731 4425 lector

415 4498 454 4539 ex
468 4478 618 4556 frequenti
640 4496 744 4537 eorum
767 4478 945 4555 allegatione
968 4478 1053 4537 facile
1076 4480 1226 4555 agnoscet.
1258 4475 1354 4546 Quare
1370 4475 1408 4534 ab
1423 4494 1528 4534 eorum
1552 4472 1727 4533 nominibus

416 4583 606 4645 recensendis
622 4583 670 4643 hic
685 4584 922 4660 supersedemus.

507 4694 649 4770 Superest
663 4694 699 4751 ut
714 4691 746 4751 in
761 4693 852 4768 hujus
875 4690 1066 4767 praefationis
1089 4692 1148 4751 fine
1169 4691 1315 4751 nonnulla
1339 4690 1524 4757 adnotemus,
1549 4686 1661 4763 quibus
1683 4705 1729 4745 re·

418 4801 614 4877 spondeamus
629 4800 820 4875 quorundum
845 4800 975 4858 virorum
998 4800 1154 4858 doctorum
1176 4798 1312 4857 censuris
1335 4800 1437 4856 contre
1452 4797 1552 4873 ipsum
1569 4812 1644 4871 opus
1661 4811 1730 4870 pro-

418 4907 497 4966 latis.
528 4905 694 4982 Displicent
709 4905 864 4964 nonuullis
883 4915 910 4966 1.
926 4904 1023 4964 cordis
1040 4906 1136 4964 nostri
1152 4903 1319 4982 angustiae,
1345 4920 1422 4978 quae
1438 4904 1596 4959 auctorum
1611 4898 1729 4958 0001110-

418 5014 543 5074 licorum
560 5031 614 5073 seu
629 5012 843 5071 haereticorum
866 5012 929 5069 fieri
952 5012 1134 5071 mentionem
1157 5028 1216 5069 non
1236 5010 1399 5087 patiantur.
1431 5009 1486 5068 Sed
1503 5007 1556 5084 qui
1572 5006 1732 5083 profitetur

419 5122 676 5182 Nomenclatorem
686 5138 716 5179 se
726 5120 867 5179 daturum
877 5119 1043 5198 theologiae
1060 5114 1289 5189 catholicae,
1305 5118 1341 5175 01
1355 5115 1420 5193 ipse
1435 5134 1505 5191 prae
1522 5133 1553 5173 se
1563 5114 1622 5174 sert
1632 5113 1730 5189 operis

418 5228 534 5300 titulus,
550 5225 698 5305 quomodo
714 5226 901 5285 enumerabit
923 5230 954 5285 et
976 5225 1112 5284 laudabit
1134 5224 1266 5301 ejusdem
1291 5222 1496 5281 adversarios?
1528 5219 1730 5291 (10101011ἱο-
