4350 5934
383 630 445 685 235
745 611 914 682 Pelagianos
927 615 956 667 et
967 611 1211 683 Semipelagianoe
1224 628 1320 682 opera.
1625 627 1686 683 286

381 801 482 875 sitque
497 799 613 876 Pelagii
628 798 755 870 fraudas,
779 799 832 875 qui
847 818 890 857 ne·
901 798 1021 858 damna·
1047 818 1118 859 sero
1134 799 1275 859 Julianus
1290 801 1323 861 ll.
1340 802 1406 859 octo
1422 800 1630 876 impugnasset
1645 799 1687 858 al·

381 892 466 948 retur
479 888 620 964 ambigua
628 886 771 963 loquendi
784 889 900 947 ratione
909 889 1022 963 episoo-
1047 891 1149 947 terum
1165 890 1200 947 de
1222 889 1338 965 nuptiis
1361 893 1392 948 et
1414 888 1654 964 concupiscentia
1668 888 1688 951 l.

382 996 435 1052 pos
445 977 529 1036 illius
545 976 816 1053 synodideoeperat
832 972 870 1059 (a.
882 972 1020 1059 417).-
1048 981 1079 1037 et
1094 978 1215 1038 horrida
1229 978 1407 1055 loquacitate
1432 979 1604 1037 innumeras
1628 976 1689 1036 fere

380 1066 463 1126 Libri
478 1067 538 1125 dno
554 1067 695 1144 depretia
706 1066 816 1124 Christi
825 1067 894 1124 etde
906 1074 1022 1139 peceato
1048 1068 1212 1127 calumniae
1236 1071 1267 1127 et
1300 1068 1428 1143 ineptias
1463 1068 1495 1126 in
1520 1066 1687 1135 catholicoe,

381 1156 520 1233 originali
536 1153 588 1237 (ib.
607 1149 795 1235 soe-411)
819 1158 922 1213 eontra
937 1155 1021 1214 Pala·
1049 1174 1124 1231 quos
1141 1156 1243 1215 odioso
1258 1156 1497 1216 Manichaeorum
1521 1157 1570 1215 vel
1585 1155 1688 1215 tradu-

382 1245 467 1323 gium
482 1247 513 1303 et
528 1243 706 1303 Caelestium
724 1238 868 1326 (a.418);
885 1244 955 1303 libri
962 1245 1022 1303 duo
1049 1245 1538 1321 cianornmnominecompellarat,
1556 1244 1690 1305 edoctor

381 1336 418 1392 de
432 1335 543 1407 nuptiis
557 1340 585 1391 et
600 1336 826 1407 concupiscentia
843 1328 896 1414 (ib.
905 1342 1022 1409 [2413-
1047 1334 1164 1393 ultimis
1180 1336 1258 1393 vitae
1279 1336 1365 1393 annis
1381 1336 1451 1394 hnic
1470 1352 1518 1409 op.
1534 1352 1689 1393 occurren·

383 1417 471 1505 474),
487 1422 648 1499 inquibus
667 1422 842 1499 nuptiarum
857 1422 1021 1482 bonitatam
1049 1423 1120 1481 dum
1136 1424 1254 1483 censuit
1269 1424 1398 1501 singulis
1420 1424 1452 1483 ll.
1467 1422 1689 1500 responsionem

380 1514 485 1571 tuetur
499 1512 835 1589 contraPclagianorum
849 1512 1021 1582 calumniae,
1049 1530 1215 1589 opponens:
1242 1513 1293 1571 sed
1309 1516 1403 1573 morte
1419 1518 1598 1589 praeventus
1614 1532 1689 1573 non·

380 1600 542 1660 catholicos
557 1603 679 1678 propter
700 1602 853 1677 peccatum
877 1601 1022 1677 originale
1049 1601 1107 1659 nisi
1124 1618 1173 1659 sex
1190 1600 1339 1677 prioribus
1350 1602 1379 1661 ll.
1396 1602 1689 1679 responditop.00n·

381 1690 503 1766 nnptias
525 1694 677 1766 tamquam
701 1709 719 1748 a
743 1688 859 1747 diabolo
884 1689 1021 1748 inventae
1048 1694 1097 1747 tra
1134 1690 1294 1749 secundam
1325 1690 1439 1749 Julieni
1469 1692 1690 1769 responsionem

380 1780 536 1855 prolisque
560 1779 780 1856 generationem
805 1778 953 1837 damnare.
978 1812 1022 1822 —
1048 1779 1080 1840 ll.
1097 1778 1137 1837 VI
1149 1774 1247 1862 (XLV,
1263 1776 1511 1863 1049-1611):
1528 1781 1607 1840 unde
1618 1798 1690 1857 opne

384 1870 494 1928 Contra
524 1869 599 1927 dnae
629 1886 670 1943 ep.
695 1866 920 1945 Pelagianornm
945 1862 1021 1951 (scil.
1049 1870 1247 1943 imperfectum
1271 1870 1468 1928 communiter
1492 1874 1624 1929 vocatur.
1646 1902 1690 1913 —-

381 1959 505 2017 alteram
521 1957 541 2015 J
547 1956 675 2015 uliani
691 1957 855 2016 eclanensis
870 1958 903 2016 in
912 1956 1023 2033 Apulia
1049 1957 1266 2033 Disputatiouie
1283 1975 1351 2017 cum
1359 1958 1523 2036 Pelagisnie
1530 1976 1691 2035 progressu

382 2066 430 2123 ep.
445 2046 567 2105 Romam
582 2047 682 2105 datam
697 2046 734 2104 ad
749 2045 850 2105 fideles
873 2046 1021 2123 decipien-
1049 2046 1170 2123 quidam
1186 2048 1292 2106 horum
1300 2066 1413 2107 errores
1422 2048 1603 2119 mollierunt,
1620 2066 1690 2107 con·

382 2136 445 2204 doe,
461 2138 492 2194 et
507 2136 631 2194 alteram
650 2145 687 2200 18
711 2136 917 2211 episcoporum
939 2135 1020 2210 pela·
1049 2154 1131 2195 cessa
1147 2136 1262 2213 gratiae
1272 2138 1449 2195 necessitate
1466 2138 1502 2195 ad
1518 2156 1607 2213 opera
1624 2137 1689 2213 qui·

382 2227 540 2303 gianornm
564 2226 601 2283 ad
631 2224 742 2283 Rufum
766 2243 812 2300 ep.
843 2224 1022 2283 thessaloni·
1050 2225 1115 2283 dem
1133 2226 1282 2295 salutaria,
1299 2230 1474 2285 nontamen
1490 2226 1690 2301 adprimaea·

383 2332 509 2385 oensem,
526 2322 562 2372 ut
576 2333 645 2373 eum
659 2314 697 2372 ad
716 2313 1022 2389 euaetraherentpar·
1050 2313 1123 2372 lutis
1147 2314 1236 2373 initia
1260 2333 1313 2373 eeu
1337 2315 1465 2377 exordia.
1496 2315 1592 2385 Quare
1617 2315 1690 2373 dicti

383 2398 443 2484 tes)
459 2404 493 2467 ll,
507 2402 548 2460 IV
564 2403 601 2461 ad
617 2402 804 2462 Bonifatium
819 2400 1022 2461 romanaalic·
1050 2405 1123 2461 sunt
1148 2403 1466 2480 Semipelagioni,
1499 2422 1552 2463 seu
1577 2423 1594 2462 a
1616 2404 1689 2474 loco,

383 2492 491 2551 clasiae
506 2492 677 2567 episcopum
694 2486 767 2574 (aa
779 2501 852 2563 420,
864 2491 904 2555 ib.
915 2501 1023 2554 549-
1049 2492 1103 2550 ubi
1119 2510 1222 2552 eorum
1245 2493 1397 2569 praecipui
1420 2494 1575 2569 degebant,
1599 2494 1690 2551 llas·

386 2575 475 2663 641).
498 2614 544 2624 —
567 2580 649 2640 Libri
681 2580 720 2640 VI
743 2589 847 2639 contra
869 2581 1023 2639 Juliannm
1050 2581 1249 2643 siliensea.
1281 2582 1348 2641 Jam
1379 2602 1447 2643 vero
1473 2584 1505 2643 in
1527 2586 1574 2645 bis
1600 2588 1689 2646 corri-

385 2669 517 2729 haeresis
524 2670 696 2747 pelagianae
705 2669 887 2728 defensorem
895 2664 930 2750 1),
948 2670 1023 2728 ecla·
1050 2669 1155 2746 gandia
1171 2672 1219 2729 vel
1234 2672 1401 2731 refutandis
1417 2673 1533 2734 ultimis
1549 2676 1690 2735 vitasun-

381 2776 505 2818 nensem
520 2758 691 2834 episcopum
709 2753 747 2841 (c.
762 2778 787 2817 a.
805 2768 877 2829 421,
894 2759 934 2816 ib.
946 2767 1024 2821 641-
1050 2759 1099 2818 nie
1116 2778 1139 2818 s.
1155 2760 1258 2820 doctor
1274 2761 1333 2819 fuit
1349 2762 1506 2823 sollicitus.
1522 2765 1622 2842 Hujus
1632 2766 1691 2825 eol·

386 2843 473 2928 ast),
489 2847 542 2923 qui
558 2848 623 2923 ejus
638 2849 658 2906 l.
678 2860 704 2909 1.
720 2849 757 2907 de
771 2848 886 2924 nuptiis
901 2850 933 2907 et
955 2866 1024 2906 con·
1051 2848 1217 2908 libitudinis
1242 2850 1358 2909 frustm
1384 2850 1515 2917 fuerunt,
1546 2856 1633 2916 Liber
1657 2856 1692 2913 de

383 2936 568 3013 cupiscentis
582 2936 615 2994 ll.
630 2936 670 2994 IV
686 2955 846 3013 aggressus
862 2940 933 2998 erat.
951 2938 1023 2996 Cum
1049 2940 1149 3015 pratia
1165 2946 1190 2997 et
1205 2939 1294 2998 libero
1308 2941 1431 2999 arbitrio
1449 2939 1562 3024 (XLIV,
1582 2954 1689 3008 881-

1053 3022 1130 3107 915)
1146 3046 1169 3086 ο.
1185 3048 1210 3086 c.
1229 3037 1289 3090 427
1308 3028 1446 3105 scriptae,
1473 3036 1615 3108 ,propter
1630 3050 1690 3107 ece,

383 3182 466 3249 (408),
488 3195 546 3246 qua
568 3177 633 3232 sede
657 3181 753 3233 tamen
778 3196 807 3233 se
829 3178 975 3234 abdicavit
999 3196 1024 3232 a,
1051 3118 1105 3193 qni
1122 3134 1190 3175 oum
1206 3115 1260 3175 Dei
1276 3117 1445 3177 defenditur
1460 3121 1564 3197 gratia,
1581 3125 1691 3198 putan-

382 3258 444 3313 411,
476 3249 528 3318 qui
549 3251 620 3303 ,uno
643 3249 848 3319 Hierosolymis
872 3266 1025 3305 mmmm·
1052 3209 1098 3264 tes
1114 3205 1216 3283 negari
1233 3206 1361 3307 liberum
1376 3208 1542 3309 arbitrium,
1569 3211 1610 3270 sie
1632 3212 1692 3288 ipsi

382 3322 490 3376 bantur
517 3322 603 3375 testea
632 3337 765 3386 errorum,
795 3338 867 3391 quoe
892 3322 1026 3392 Pelagius
1051 3294 1218 3354 defendunt
1242 3295 1369 3356 liberum
1391 3298 1558 3375 arbitrium,
1581 3304 1618 3359 ut
1640 3320 1692 3359 na-

382 3391 414 3447 in
444 3391 542 3447 Africa
561 3393 622 3462 jam
648 3392 801 3447 damnatus
837 3393 1024 3450 diffundebat.
1052 3387 1126 3460 gant
1141 3384 1194 3442 Dei
1211 3385 1347 3461 gratiam,
1373 3390 1536 3447 asserentes
1559 3408 1622 3449 eam
1646 3408 1691 3449 se-

383 3462 612 3535 Composuerunt
640 3463 831 3519 accusationis
854 3464 1025 3518 iustrumen·
1052 3472 1183 3532 cundum
1208 3474 1315 3533 merita
1338 3474 1402 3533 dm
1428 3471 1519 3558 (steps,
1541 3479 1579 3549 Π,
1606 3476 1691 3559 66)(

382 3534 1026 3677 ffiffigstffilssfflgffissgffia{3¹1⁰
1053 3562 1128 3621 llum
1154 3562 1301 3622 edidimus
1324 3564 1403 3623 inter
1427 3567 1537 3626 selecta
1562 3568 1611 3631 SS.
1637 3570 1692 3627 ΡΡ.

382 3681 487 3731 ,om
541 3677 566 3731 ig
587 3679 711 3759 modu,
736 3677 799 3732 dio,
821 3679 930 3734 olim
942 3682 1026 3803 ψ),
1053 3651 1375 3753 caesennaenponn
1400 3663 1489 3757 18717.
1506 3656 1617 3727 XXXV,
1636 3668 1692 3721 21.

382 3748 432 3803 cui
443 3752 541 3803 tamen
553 3767 612 3803 non
624 3750 779 3803 interfuere
820 3766 882 3805 eros
901 3755 931 3803 et
965 3766 1026 3804 aaa·
1057 3750 1127 3801 lll.
1165 3740 1257 3801 Liber
1281 3743 1315 3800 de
1339 3750 1516 3817 correpte-one
1545 3754 1570 3804 el
1592 3751 1693 3825 pratia

384 3838 443 3874 rus.
456 3821 597 3875 Absoluta
610 3819 736 3891 Pelagio,
747 3820 799 3890 qui
809 3820 959 3892 epi⁸00p0⁸
969 3837 1026 3877 ²111·
1052 3829 1087 3887 ad
1105 3829 1297 3889 Valentinum
1321 3831 1457 3891 abbatem
1479 3835 1605 3911 ejusque
1630 3856 1693 3895 mo-

383 3891 761 4045 ffissffilggdgpfflffi
773 3893 1026 4033 fflgglffihffiffl
1053 3918 1161 4017 nacbos
1177 3921 1266 3994 paulo
1282 3922 1348 3996 post
1364 3920 1383 3984 l.
1391 3923 1614 3997 praecedentem
1623 3944 1692 3985 con·

385 4033 455 4089 bitis
469 4032 584 4102 synodis
594 4034 807 4105 carthaginensi
821 4039 894 4107 (416)
908 4039 937 4090 ct
949 4035 1026 4091 mile·
1053 4010 1187 4110 scnium?
1201 4003 1253 4090 Vb·
1271 4006 1470 4111 915-950)
1487 4046 1531 4055 “““
1547 4013 1591 4113 D?
1603 4033 1692 4089 ΡΨ·

382 4104 484 4158 ritana
508 4104 657 4229 Pelagium
678 4109 706 4160 et
726 4104 896 4189 coelestium
920 4107 1025 4161 iterum
1052 4095 1442 4199 deattnalwnesanctoruml)
1454 4100 1645 4161 1.e.fidehum
1655 4102 1692 4161 ad

383 4176 567 4230 damnarunt
600 4177 820 4232 ossmusdurms
835 4177 1025 4233 dnosnostros
1052 4185 1230 4259 prosperum
1252 4188 1283 4243 et
1306 4184 1486 4271 ffilmumt)
1518 4190 1598 4249 vim,
1623 4210 1692 4251 sane

382 3095 543 3105 ..n——

382 4246 490 4301 habuit
508 4247 654 4371 episcopos
668 4265 712 4319 ep.
726 4256 743 4305 3
756 4270 784 4305 n.
797 4254 814 4303 3
826 4248 863 4301 ad
877 4250 1025 4321 episcopos

383 4318 507 4373 Africae.
544 4319 1024 4376 osteriorceorumfatanoslatent:

382 4389 627 4444 ridenturtcmen
648 4389 787 4445 institisse
807 4392 885 4462 apud
899 4391 1025 4447 Theodo·
1093 4395 1110 4455 ‘l
1125 4391 1208 4446 Liber
1234 4396 1265 4447 de
1290 4397 1532 4463 praedestinatione
1556 4408 1579 4452 et
1603 4406 1693 4465 qratia

383 4466 433 4515 ton
447 4461 613 4587 episcolfluns
634 4462 846 4525 antiochenum,
868 4465 902 4516 nt
923 4464 1025 4535 etipse
1052 4462 1188 4534 (Migne
1208 4464 1290 4528 XLV,
1315 4470 1508 4536 ldie-1678),
1533 4454 1641 4524 necn'on
1661 4470 1692 4525 li-

383 4550 448 4587 cum
462 4532 540 4588 conc'
558 4533 584 4587 'o
597 4533 746 4589 damnaret
754 4534 921 4606 Pelagianos
929 4551 955 4588 a.
964 4542 1025 4592 420.
1052 4534 1145 4589 bellus
1168 4540 1200 4590 de
1208 4540 1449 4605 praedestinatione
1461 4541 1513 4593 Det
1524 4538 1572 4610 (ib.
1591 4544 1693 4599 1677-—

385 4603 427 4657 Cf.
448 4603 523 4657 Hist
545 4604 589 4660 lit.
611 4605 645 4658 de
667 4605 696 4659 la
715 4605 821 4660 France
845 4607 878 4670 ΙΙ,
895 4611 1025 4664 lat-ea.
1055 4610 1142 4677 1680),
1168 4607 1235 4663 olim
1260 4608 1425 4679 Augustino
1451 4610 1562 4674 tributi,
1588 4615 1625 4666 ab
1649 4614 1693 4667 ed.

384 4674 490 4729 Eorum
504 4674 610 4745 scripta
619 4676 775 4747 periemnt,
787 4677 926 4746 reliquiae
941 4696 1025 4747 qnae·
1051 4678 1236 4734 maurinis
1249 4678 1280 4733 in
1293 4680 1480 4750 appendicem
1494 4685 1514 4736 t.
1527 4684 1557 4736 X.
1572 4687 1640 4737 sunt
1652 4700 1693 4737 re·

383 4746 450 4799 dam
463 4745 647 4816 reperiuntur
667 4746 698 4800 in
717 4749 831 4817 scriptis
850 4767 871 4803 s.
885 4751 1025 4821 Augus·
1052 4747 1114 4804 lati.
1128 4752 1348 4819 Hypomnesticon
1361 4758 1460 4805 contra
1482 4752 1651 4825 Pelagianos
1665 4759 1694 4809 et

385 4814 471 4873 tini.
1053 4820 1244 4875 Coelestianoe
1259 4822 1296 4877 (Μ
1308 4822 1394 4892 igne
1409 4824 1491 4887 XLV,
1508 4832 1693 4899 scri-1664)

421 4886 497 4959 ¹)Cf.
519 4888 554 4941 tle
576 4889 629 4943 boc
651 4891 684 4943 A.
707 4888 901 4946 Bruclsner
925 4891 1025 4946 Julian
1052 4894 1096 4945 est
1108 4892 1180 4947 forte
1194 4893 1525 4949 Mariildercatoris.

383 4975 440 5013 ron
449 4958 596 5024 Bolanum,
605 4960 1024 5017 seinLebenundseineLehre.
1090 4967 1110 5035 ’)
1124 4962 1164 5017 De
1178 4964 1362 5035 Prospero
1376 4964 1452 5019 iufra
1466 4968 1624 5036 loquemur.
1639 4968 1694 5022 Hi·

386 5028 442 5083 sin
455 5030 572 5113 Beitrag
590 5049 641 5085 nur
660 5032 760 5090 Gescb.
783 5033 832 5087 des
853 5034 1025 5089 Palavianie-
1051 5034 1174 5090 larius
1188 5035 1246 5089 fuit
1258 5036 1374 5104 quidem
1383 5036 1482 5101 laicus,
1491 5038 1539 5091 sed
1548 5041 1620 5093 forte
1631 5058 1693 5111 pro·

385 5119 458 5165 mus,
471 5101 589 5173 Leipzig
603 5107 672 5160 1897
690 5103 722 5157 in
736 5104 823 5159 Texta
836 5123 864 5160 u.
879 5106 912 5159 tt.
921 5081 986 5170 XV,
1000 5113 1025 5172 3,
1053 5105 1174 5159 fassione
1187 5107 1352 5161 monachus.
1378 5108 1405 5161 S.
1419 5110 1577 5178 Augustini
1590 5111 1694 5165 doctri-

387 5179 499 5230 1-180.
1053 5192 1106 5230 nae
1120 5176 1176 5230 fuit
1188 5178 1409 5240 addictissimus,
1424 5198 1547 5249 eumque
1559 5183 1616 5249 jam
1627 5186 1693 5237 ante
