<?xml version="1.0" encoding="UTF-8"?>
<!DOCTYPE html PUBLIC "-//W3C//DTD XHTML 1.0 Transitional//EN"
    "http://www.w3.org/TR/xhtml1/DTD/xhtml1-transitional.dtd">
<html xmlns="http://www.w3.org/1999/xhtml" xml:lang="en" lang="en">
 <head>
  <title>
</title>
<meta http-equiv="Content-Type" content="text/html;charset=utf-8" />
  <meta name='ocr-system' content='tesseract 3.04.00' />
  <meta name='ocr-capabilities' content='ocr_page ocr_carea ocr_par ocr_line ocrx_word'/>
</head>
<body>
  <div class='ocr_page' id='page_1' title='image "./nomenclatorlite01hurtgoog/nomenclatorlite01hurtgoog_0017.png"; bbox 0 0 4350 5934; ppageno 0'>
   <div class='ocr_carea' id='block_1_1' title="bbox 1670 644 1711 703">
    <p class='ocr_par' dir='ltr' id='par_1_1' title="bbox 1670 644 1711 703">
     <span class='ocr_line' id='line_1_1' title="bbox 1670 644 1711 703; baseline 0 0"><span class='ocrx_word' id='word_1_1' title='bbox 1670 644 1711 703; x_wconf 75' lang='lat'><strong>11</strong></span> 
     </span>
    </p>
   </div>
   <div class='ocr_carea' id='block_1_2' title="bbox 393 823 1714 2503">
    <p class='ocr_par' dir='ltr' id='par_1_2' title="bbox 393 823 1712 1863">
     <span class='ocr_line' id='line_1_2' title="bbox 398 823 1711 903; baseline -0.001 -19"><span class='ocrx_word' id='word_1_2' title='bbox 398 826 534 885; x_wconf 79' lang='lat' dir='ltr'><strong>nostram</strong></span> <span class='ocrx_word' id='word_1_3' title='bbox 550 824 686 903; x_wconf 80' lang='lat' dir='ltr'><strong>fugerint</strong></span> <span class='ocrx_word' id='word_1_4' title='bbox 701 824 913 894; x_wconf 68' lang='lat' dir='ltr'><strong>attentionem</strong></span> <span class='ocrx_word' id='word_1_5' title='bbox 930 823 1183 884; x_wconf 85' lang='lat' dir='ltr'><strong>desiderabuntur</strong></span> <span class='ocrx_word' id='word_1_6' title='bbox 1198 843 1287 901; x_wconf 91' lang='lat' dir='ltr'><strong>opera</strong></span> <span class='ocrx_word' id='word_1_7' title='bbox 1302 825 1340 883; x_wconf 87' lang='lat' dir='ltr'><strong>ab</strong></span> <span class='ocrx_word' id='word_1_8' title='bbox 1355 824 1417 883; x_wconf 92' lang='lat' dir='ltr'><strong>illis</strong></span> <span class='ocrx_word' id='word_1_9' title='bbox 1427 823 1585 895; x_wconf 86' lang='lat' dir='ltr'><strong>elaborata,</strong></span> <span class='ocrx_word' id='word_1_10' title='bbox 1596 824 1711 884; x_wconf 89' lang='lat' dir='ltr'><strong>anobis</strong></span> 
     </span>
     <span class='ocr_line' id='line_1_3' title="bbox 398 929 1711 1009; baseline 0 -18"><span class='ocrx_word' id='word_1_11' title='bbox 398 931 715 1009; x_wconf 65' lang='lat' dir='ltr'><strong>impraetermissa,</strong></span> <span class='ocrx_word' id='word_1_12' title='bbox 734 931 885 1009; x_wconf 84' lang='lat' dir='ltr'><strong>judicium</strong></span> <span class='ocrx_word' id='word_1_13' title='bbox 906 930 943 990; x_wconf 89' lang='lat' dir='ltr'><strong>de</strong></span> <span class='ocrx_word' id='word_1_14' title='bbox 966 949 1068 991; x_wconf 89' lang='lat' dir='ltr'><strong>eorum</strong></span> <span class='ocrx_word' id='word_1_15' title='bbox 1083 930 1182 1007; x_wconf 88' lang='lat' dir='ltr'><strong>pretio</strong></span> <span class='ocrx_word' id='word_1_16' title='bbox 1206 948 1267 991; x_wconf 92' lang='lat' dir='ltr'><strong>non</strong></span> <span class='ocrx_word' id='word_1_17' title='bbox 1282 930 1420 990; x_wconf 87' lang='lat' dir='ltr'><strong>omnibus</strong></span> <span class='ocrx_word' id='word_1_18' title='bbox 1437 929 1622 1006; x_wconf 85' lang='lat' dir='ltr'><strong>probabitur,</strong></span> <span class='ocrx_word' id='word_1_19' title='bbox 1640 932 1711 1007; x_wconf 88' lang='lat' dir='ltr'><strong>quia</strong></span> 
     </span>
     <span class='ocr_line' id='line_1_4' title="bbox 396 1032 1712 1113; baseline -0.005 -16"><span class='ocrx_word' id='word_1_20' title='bbox 396 1037 500 1097; x_wconf 89' lang='lat' dir='ltr'><strong>minus</strong></span> <span class='ocrx_word' id='word_1_21' title='bbox 524 1037 691 1097; x_wconf 86' lang='lat' dir='ltr'><strong>fundatum.</strong></span> <span class='ocrx_word' id='word_1_22' title='bbox 721 1036 859 1097; x_wconf 78' lang='lat' dir='ltr'><strong>Getarum</strong></span> <span class='ocrx_word' id='word_1_23' title='bbox 884 1054 951 1095; x_wconf 90' lang='lat' dir='ltr'><strong>oum</strong></span> <span class='ocrx_word' id='word_1_24' title='bbox 975 1036 1155 1113; x_wconf 86' lang='lat' dir='ltr'><strong>plerumque</strong></span> <span class='ocrx_word' id='word_1_25' title='bbox 1178 1034 1266 1095; x_wconf 89' lang='lat' dir='ltr'><strong>bonis</strong></span> <span class='ocrx_word' id='word_1_26' title='bbox 1294 1036 1344 1095; x_wconf 88' lang='lat' dir='ltr'><strong>usi</strong></span> <span class='ocrx_word' id='word_1_27' title='bbox 1373 1035 1469 1095; x_wconf 86' lang='lat' dir='ltr'><strong>simus</strong></span> <span class='ocrx_word' id='word_1_28' title='bbox 1492 1034 1635 1107; x_wconf 83' lang='lat' dir='ltr'><strong>fontibus,</strong></span> <span class='ocrx_word' id='word_1_29' title='bbox 1658 1032 1712 1109; x_wconf 91' lang='lat' dir='ltr'><strong>qni</strong></span> 
     </span>
     <span class='ocr_line' id='line_1_5' title="bbox 395 1139 1712 1219; baseline -0.005 -16"><span class='ocrx_word' id='word_1_30' title='bbox 395 1144 502 1203; x_wconf 88' lang='lat' dir='ltr'><strong>nostra</strong></span> <span class='ocrx_word' id='word_1_31' title='bbox 517 1142 613 1204; x_wconf 86' lang='lat' dir='ltr'><strong>adhue</strong></span> <span class='ocrx_word' id='word_1_32' title='bbox 628 1145 726 1203; x_wconf 83' lang='lat' dir='ltr'><strong>aetate</strong></span> <span class='ocrx_word' id='word_1_33' title='bbox 741 1143 821 1219; x_wconf 87' lang='lat' dir='ltr'><strong>apud</strong></span> <span class='ocrx_word' id='word_1_34' title='bbox 838 1142 918 1201; x_wconf 84' lang='lat' dir='ltr'><strong>viros</strong></span> <span class='ocrx_word' id='word_1_35' title='bbox 932 1139 1094 1201; x_wconf 81' lang='lat' dir='ltr'><strong>admodum</strong></span> <span class='ocrx_word' id='word_1_36' title='bbox 1109 1140 1227 1201; x_wconf 85' lang='lat' dir='ltr'><strong>oritioos</strong></span> <span class='ocrx_word' id='word_1_37' title='bbox 1249 1140 1351 1219; x_wconf 88' lang='lat' dir='ltr'><strong>magni</strong></span> <span class='ocrx_word' id='word_1_38' title='bbox 1371 1144 1444 1201; x_wconf 88' lang='lat' dir='ltr'><strong>sunt</strong></span> <span class='ocrx_word' id='word_1_39' title='bbox 1465 1142 1498 1201; x_wconf 90' lang='lat' dir='ltr'><strong>in</strong></span> <span class='ocrx_word' id='word_1_40' title='bbox 1520 1141 1626 1217; x_wconf 86' lang='lat' dir='ltr'><strong>pretio,</strong></span> <span class='ocrx_word' id='word_1_41' title='bbox 1650 1156 1712 1198; x_wconf 93' lang='lat' dir='ltr'><strong>non</strong></span> 
     </span>
     <span class='ocr_line' id='line_1_6' title="bbox 395 1246 1709 1329; baseline -0.005 -18"><span class='ocrx_word' id='word_1_42' title='bbox 395 1251 597 1327; x_wconf 84' lang='lat' dir='ltr'><strong>assequimur,</strong></span> <span class='ocrx_word' id='word_1_43' title='bbox 613 1250 762 1328; x_wconf 88' lang='lat' dir='ltr'><strong>quomodo</strong></span> <span class='ocrx_word' id='word_1_44' title='bbox 776 1249 994 1329; x_wconf 75' lang='lat' dir='ltr'><strong>generatim</strong></span> <span class='ocrx_word' id='word_1_45' title='bbox 1009 1266 1086 1325; x_wconf 88' lang='lat' dir='ltr'><strong>quse</strong></span> <span class='ocrx_word' id='word_1_46' title='bbox 1101 1266 1136 1306; x_wconf 84' lang='lat' dir='ltr'><strong>ar</strong></span> <span class='ocrx_word' id='word_1_47' title='bbox 1153 1246 1214 1306; x_wconf 91' lang='lat' dir='ltr'><strong>illis</strong></span> <span class='ocrx_word' id='word_1_48' title='bbox 1229 1247 1359 1306; x_wconf 82' lang='lat' dir='ltr'><strong>fideliter</strong></span> <span class='ocrx_word' id='word_1_49' title='bbox 1382 1248 1629 1326; x_wconf 77' lang='lat' dir='ltr'><strong>deprompsimus,</strong></span> <span class='ocrx_word' id='word_1_50' title='bbox 1645 1247 1709 1306; x_wconf 88' lang='lat' dir='ltr'><strong>nti-</strong></span> 
     </span>
     <span class='ocr_line' id='line_1_7' title="bbox 394 1354 1710 1432; baseline -0.003 -15"><span class='ocrx_word' id='word_1_51' title='bbox 394 1358 486 1419; x_wconf 83' lang='lat' dir='ltr'><strong>litate</strong></span> <span class='ocrx_word' id='word_1_52' title='bbox 502 1360 631 1422; x_wconf 86' lang='lat' dir='ltr'><strong>oareant.</strong></span> <span class='ocrx_word' id='word_1_53' title='bbox 660 1356 869 1419; x_wconf 75' lang='lat' dir='ltr'><strong>Necessarium</strong></span> <span class='ocrx_word' id='word_1_54' title='bbox 885 1375 954 1417; x_wconf 83' lang='lat' dir='ltr'><strong>vero</strong></span> <span class='ocrx_word' id='word_1_55' title='bbox 970 1356 1057 1417; x_wconf 86' lang='lat' dir='ltr'><strong>nobis</strong></span> <span class='ocrx_word' id='word_1_56' title='bbox 1072 1374 1134 1415; x_wconf 88' lang='lat' dir='ltr'><strong>non</strong></span> <span class='ocrx_word' id='word_1_57' title='bbox 1149 1354 1278 1426; x_wconf 79' lang='lat' dir='ltr'><strong>videtur,</strong></span> <span class='ocrx_word' id='word_1_58' title='bbox 1300 1359 1337 1416; x_wconf 86' lang='lat' dir='ltr'><strong>ut</strong></span> <span class='ocrx_word' id='word_1_59' title='bbox 1357 1356 1456 1415; x_wconf 85' lang='lat' dir='ltr'><strong>fontes</strong></span> <span class='ocrx_word' id='word_1_60' title='bbox 1478 1354 1710 1432; x_wconf 70' lang='lat' dir='ltr'><strong>protestantium</strong></span> 
     </span>
     <span class='ocr_line' id='line_1_8' title="bbox 394 1464 1712 1543; baseline -0.002 -17"><span class='ocrx_word' id='word_1_61' title='bbox 394 1466 549 1527; x_wconf 77' lang='lat' dir='ltr'><strong>ostholiois</strong></span> <span class='ocrx_word' id='word_1_62' title='bbox 564 1484 680 1543; x_wconf 87' lang='lat' dir='ltr'><strong>semper</strong></span> <span class='ocrx_word' id='word_1_63' title='bbox 696 1468 903 1543; x_wconf 80' lang='lat' dir='ltr'><strong>praeferamus,</strong></span> <span class='ocrx_word' id='word_1_64' title='bbox 926 1483 986 1525; x_wconf 90' lang='lat' dir='ltr'><strong>non</strong></span> <span class='ocrx_word' id='word_1_65' title='bbox 1009 1465 1088 1541; x_wconf 88' lang='lat' dir='ltr'><strong>quod</strong></span> <span class='ocrx_word' id='word_1_66' title='bbox 1111 1464 1181 1525; x_wconf 91' lang='lat' dir='ltr'><strong>illos</strong></span> <span class='ocrx_word' id='word_1_67' title='bbox 1204 1464 1382 1541; x_wconf 84' lang='lat' dir='ltr'><strong>spernimus,</strong></span> <span class='ocrx_word' id='word_1_68' title='bbox 1407 1464 1458 1523; x_wconf 80' lang='lat' dir='ltr'><strong>aad</strong></span> <span class='ocrx_word' id='word_1_69' title='bbox 1482 1464 1554 1541; x_wconf 89' lang='lat' dir='ltr'><strong>qnia</strong></span> <span class='ocrx_word' id='word_1_70' title='bbox 1575 1464 1636 1523; x_wconf 84' lang='lat' dir='ltr'><strong>illia</strong></span> <span class='ocrx_word' id='word_1_71' title='bbox 1650 1481 1712 1523; x_wconf 93' lang='lat' dir='ltr'><strong>non</strong></span> 
     </span>
     <span class='ocr_line' id='line_1_9' title="bbox 393 1570 1711 1651; baseline -0.005 -17"><span class='ocrx_word' id='word_1_72' title='bbox 393 1574 482 1635; x_wconf 89' lang='lat' dir='ltr'><strong>omni</strong></span> <span class='ocrx_word' id='word_1_73' title='bbox 505 1574 656 1634; x_wconf 80' lang='lat' dir='ltr'><strong>occasione</strong></span> <span class='ocrx_word' id='word_1_74' title='bbox 681 1572 860 1651; x_wconf 81' lang='lat' dir='ltr'><strong>indigemus.</strong></span> <span class='ocrx_word' id='word_1_75' title='bbox 891 1573 1014 1649; x_wconf 76' lang='lat' dir='ltr'><strong>Aequus</strong></span> <span class='ocrx_word' id='word_1_76' title='bbox 1036 1590 1106 1633; x_wconf 83' lang='lat' dir='ltr'><strong>vero</strong></span> <span class='ocrx_word' id='word_1_77' title='bbox 1128 1590 1232 1632; x_wconf 88' lang='lat' dir='ltr'><strong>oeuaor</strong></span> <span class='ocrx_word' id='word_1_78' title='bbox 1256 1572 1363 1630; x_wconf 85' lang='lat' dir='ltr'><strong>saltem</strong></span> <span class='ocrx_word' id='word_1_79' title='bbox 1387 1590 1422 1631; x_wconf 86' lang='lat' dir='ltr'><strong>ex</strong></span> <span class='ocrx_word' id='word_1_80' title='bbox 1445 1572 1500 1631; x_wconf 87' lang='lat' dir='ltr'><strong>hoo</strong></span> <span class='ocrx_word' id='word_1_81' title='bbox 1524 1575 1606 1631; x_wconf 81' lang='lat' dir='ltr'><strong>tomo</strong></span> <span class='ocrx_word' id='word_1_82' title='bbox 1622 1570 1711 1630; x_wconf 81' lang='lat' dir='ltr'><strong>facila</strong></span> 
     </span>
     <span class='ocr_line' id='line_1_10' title="bbox 393 1677 1711 1759; baseline -0.001 -19"><span class='ocrx_word' id='word_1_83' title='bbox 393 1684 549 1759; x_wconf 86' lang='lat' dir='ltr'><strong>agnosoet,</strong></span> <span class='ocrx_word' id='word_1_84' title='bbox 565 1698 620 1740; x_wconf 89' lang='lat' dir='ltr'><strong>nos</strong></span> <span class='ocrx_word' id='word_1_85' title='bbox 635 1680 705 1756; x_wconf 89' lang='lat' dir='ltr'><strong>plus</strong></span> <span class='ocrx_word' id='word_1_86' title='bbox 720 1680 949 1757; x_wconf 82' lang='lat' dir='ltr'><strong>protestantium</strong></span> <span class='ocrx_word' id='word_1_87' title='bbox 965 1677 1106 1739; x_wconf 75' lang='lat' dir='ltr'><strong>habuisse</strong></span> <span class='ocrx_word' id='word_1_88' title='bbox 1127 1678 1272 1739; x_wconf 85' lang='lat' dir='ltr'><strong>rationem</strong></span> <span class='ocrx_word' id='word_1_89' title='bbox 1294 1681 1458 1750; x_wconf 77' lang='lat' dir='ltr'><strong>asotorum,</strong></span> <span class='ocrx_word' id='word_1_90' title='bbox 1483 1696 1572 1754; x_wconf 88' lang='lat' dir='ltr'><strong>quem</strong></span> <span class='ocrx_word' id='word_1_91' title='bbox 1588 1679 1647 1757; x_wconf 89' lang='lat' dir='ltr'><strong>ipsi</strong></span> <span class='ocrx_word' id='word_1_92' title='bbox 1664 1696 1711 1739; x_wconf 92' lang='lat' dir='ltr'><strong>so·</strong></span> 
     </span>
     <span class='ocr_line' id='line_1_11' title="bbox 394 1786 937 1863; baseline -0.007 -14"><span class='ocrx_word' id='word_1_93' title='bbox 394 1789 482 1849; x_wconf 83' lang='lat' dir='ltr'><strong>leant</strong></span> <span class='ocrx_word' id='word_1_94' title='bbox 497 1787 710 1855; x_wconf 82' lang='lat' dir='ltr'><strong>ostholioornru</strong></span> <span class='ocrx_word' id='word_1_95' title='bbox 726 1786 773 1847; x_wconf 89' lang='lat' dir='ltr'><strong>nti</strong></span> <span class='ocrx_word' id='word_1_96' title='bbox 788 1786 937 1863; x_wconf 87' lang='lat' dir='ltr'><strong>operibus.</strong></span> 
     </span>
    </p>

    <p class='ocr_par' dir='ltr' id='par_1_3' title="bbox 394 1892 1714 2503">
     <span class='ocr_line' id='line_1_12' title="bbox 490 1892 1712 1969; baseline -0.001 -16"><span class='ocrx_word' id='word_1_97' title='bbox 490 1892 643 1969; x_wconf 84' lang='lat' dir='ltr'><strong>Ejusmodi</strong></span> <span class='ocrx_word' id='word_1_98' title='bbox 659 1910 729 1953; x_wconf 84' lang='lat' dir='ltr'><strong>vero</strong></span> <span class='ocrx_word' id='word_1_99' title='bbox 745 1910 887 1953; x_wconf 83' lang='lat' dir='ltr'><strong>censurae</strong></span> <span class='ocrx_word' id='word_1_100' title='bbox 902 1910 956 1952; x_wconf 91' lang='lat' dir='ltr'><strong>nos</strong></span> <span class='ocrx_word' id='word_1_101' title='bbox 972 1910 1033 1952; x_wconf 90' lang='lat' dir='ltr'><strong>uon</strong></span> <span class='ocrx_word' id='word_1_102' title='bbox 1057 1892 1249 1952; x_wconf 88' lang='lat' dir='ltr'><strong>deterrebant</strong></span> <span class='ocrx_word' id='word_1_103' title='bbox 1264 1892 1302 1952; x_wconf 85' lang='lat' dir='ltr'><strong>ab</strong></span> <span class='ocrx_word' id='word_1_104' title='bbox 1317 1893 1431 1953; x_wconf 88' lang='lat' dir='ltr'><strong>edendo</strong></span> <span class='ocrx_word' id='word_1_105' title='bbox 1446 1892 1712 1969; x_wconf 80' lang='lat' dir='ltr'><strong>prosequendoque</strong></span> 
     </span>
     <span class='ocr_line' id='line_1_13' title="bbox 394 1997 1712 2077; baseline -0.001 -17"><span class='ocrx_word' id='word_1_106' title='bbox 394 2002 455 2061; x_wconf 87' lang='lat' dir='ltr'><strong>hoo</strong></span> <span class='ocrx_word' id='word_1_107' title='bbox 471 2017 567 2077; x_wconf 81' lang='lat' dir='ltr'><strong>opere.</strong></span> <span class='ocrx_word' id='word_1_108' title='bbox 583 1998 690 2060; x_wconf 85' lang='lat' dir='ltr'><strong>Melius</strong></span> <span class='ocrx_word' id='word_1_109' title='bbox 706 1998 787 2059; x_wconf 89' lang='lat' dir='ltr'><strong>euim</strong></span> <span class='ocrx_word' id='word_1_110' title='bbox 797 1999 1019 2059; x_wconf 81' lang='lat' dir='ltr'><strong>aestimavimus</strong></span> <span class='ocrx_word' id='word_1_111' title='bbox 1029 1999 1114 2059; x_wconf 89' lang='lat' dir='ltr'><strong>illius</strong></span> <span class='ocrx_word' id='word_1_112' title='bbox 1124 1997 1263 2059; x_wconf 85' lang='lat' dir='ltr'><strong>exhibere</strong></span> <span class='ocrx_word' id='word_1_113' title='bbox 1273 1998 1423 2075; x_wconf 79' lang='lat' dir='ltr'><strong>specimen</strong></span> <span class='ocrx_word' id='word_1_114' title='bbox 1432 2002 1523 2076; x_wconf 81' lang='lat' dir='ltr'><strong>atque</strong></span> <span class='ocrx_word' id='word_1_115' title='bbox 1531 1998 1712 2072; x_wconf 85' lang='lat' dir='ltr'><strong>rudimenta,</strong></span> 
     </span>
     <span class='ocr_line' id='line_1_14' title="bbox 394 2104 1714 2183; baseline -0.003 -13"><span class='ocrx_word' id='word_1_116' title='bbox 394 2128 469 2170; x_wconf 83' lang='lat' dir='ltr'><strong>enm</strong></span> <span class='ocrx_word' id='word_1_117' title='bbox 485 2126 519 2169; x_wconf 90' lang='lat' dir='ltr'><strong>eo</strong></span> <span class='ocrx_word' id='word_1_118' title='bbox 534 2107 595 2167; x_wconf 78' lang='lat' dir='ltr'><strong>fere</strong></span> <span class='ocrx_word' id='word_1_119' title='bbox 611 2124 773 2178; x_wconf 82' lang='lat' dir='ltr'><strong>careamus,</strong></span> <span class='ocrx_word' id='word_1_120' title='bbox 789 2110 821 2165; x_wconf 90' lang='lat' dir='ltr'><strong>et</strong></span> <span class='ocrx_word' id='word_1_121' title='bbox 835 2108 1013 2177; x_wconf 78' lang='lat' dir='ltr'><strong>nesciamus,</strong></span> <span class='ocrx_word' id='word_1_122' title='bbox 1024 2124 1077 2183; x_wconf 89' lang='lat' dir='ltr'><strong>per</strong></span> <span class='ocrx_word' id='word_1_123' title='bbox 1087 2110 1163 2183; x_wconf 92' lang='lat' dir='ltr'><strong>quot</strong></span> <span class='ocrx_word' id='word_1_124' title='bbox 1171 2104 1314 2165; x_wconf 89' lang='lat' dir='ltr'><strong>deoennia</strong></span> <span class='ocrx_word' id='word_1_125' title='bbox 1323 2124 1357 2166; x_wconf 91' lang='lat' dir='ltr'><strong>eo</strong></span> <span class='ocrx_word' id='word_1_126' title='bbox 1368 2106 1462 2166; x_wconf 88' lang='lat' dir='ltr'><strong>simus</strong></span> <span class='ocrx_word' id='word_1_127' title='bbox 1478 2106 1611 2168; x_wconf 78' lang='lat' dir='ltr'><strong>carituri.</strong></span> <span class='ocrx_word' id='word_1_128' title='bbox 1627 2108 1714 2169; x_wconf 77' lang='lat' dir='ltr'><strong>Alius</strong></span> 
     </span>
     <span class='ocr_line' id='line_1_15' title="bbox 395 2212 1712 2291; baseline -0.002 -15"><span class='ocrx_word' id='word_1_129' title='bbox 395 2218 484 2288; x_wconf 78' lang='lat' dir='ltr'><strong>forte,</strong></span> <span class='ocrx_word' id='word_1_130' title='bbox 501 2218 538 2275; x_wconf 93' lang='lat' dir='ltr'><strong>ut</strong></span> <span class='ocrx_word' id='word_1_131' title='bbox 553 2232 716 2291; x_wconf 87' lang='lat' dir='ltr'><strong>speramus,</strong></span> <span class='ocrx_word' id='word_1_132' title='bbox 732 2214 972 2274; x_wconf 86' lang='lat' dir='ltr'><strong>nomenclaturae</strong></span> <span class='ocrx_word' id='word_1_133' title='bbox 987 2212 1135 2289; x_wconf 88' lang='lat' dir='ltr'><strong>ejusmodi</strong></span> <span class='ocrx_word' id='word_1_134' title='bbox 1150 2212 1284 2272; x_wconf 84' lang='lat' dir='ltr'><strong>utilitate</strong></span> <span class='ocrx_word' id='word_1_135' title='bbox 1300 2217 1488 2290; x_wconf 82' lang='lat' dir='ltr'><strong>provooatus,</strong></span> <span class='ocrx_word' id='word_1_136' title='bbox 1504 2218 1605 2273; x_wconf 77' lang='lat' dir='ltr'><strong>nostra</strong></span> <span class='ocrx_word' id='word_1_137' title='bbox 1621 2214 1712 2274; x_wconf 83' lang='lat' dir='ltr'><strong>reati·</strong></span> 
     </span>
     <span class='ocr_line' id='line_1_16' title="bbox 395 2318 1712 2401; baseline -0.002 -19"><span class='ocrx_word' id='word_1_138' title='bbox 395 2321 450 2401; x_wconf 84' lang='lat' dir='ltr'><strong>gia</strong></span> <span class='ocrx_word' id='word_1_139' title='bbox 465 2322 568 2399; x_wconf 85' lang='lat' dir='ltr'><strong>legens</strong></span> <span class='ocrx_word' id='word_1_140' title='bbox 583 2338 659 2396; x_wconf 89' lang='lat' dir='ltr'><strong>opus</strong></span> <span class='ocrx_word' id='word_1_141' title='bbox 675 2319 749 2379; x_wconf 91' lang='lat' dir='ltr'><strong>rude</strong></span> <span class='ocrx_word' id='word_1_142' title='bbox 764 2322 795 2378; x_wconf 90' lang='lat' dir='ltr'><strong>et</strong></span> <span class='ocrx_word' id='word_1_143' title='bbox 810 2318 1016 2397; x_wconf 78' lang='lat' dir='ltr'><strong>imperfectum</strong></span> <span class='ocrx_word' id='word_1_144' title='bbox 1033 2319 1213 2391; x_wconf 83' lang='lat' dir='ltr'><strong>emendabit,</strong></span> <span class='ocrx_word' id='word_1_145' title='bbox 1237 2319 1374 2396; x_wconf 82' lang='lat' dir='ltr'><strong>expoliat,</strong></span> <span class='ocrx_word' id='word_1_146' title='bbox 1398 2319 1539 2396; x_wconf 81' lang='lat' dir='ltr'><strong>perficiet,</strong></span> <span class='ocrx_word' id='word_1_147' title='bbox 1556 2323 1592 2379; x_wconf 87' lang='lat' dir='ltr'><strong>ut</strong></span> <span class='ocrx_word' id='word_1_148' title='bbox 1607 2321 1712 2397; x_wconf 91' lang='lat' dir='ltr'><strong>aequis</strong></span> 
     </span>
     <span class='ocr_line' id='line_1_17' title="bbox 396 2426 1316 2503; baseline -0.005 -13"><span class='ocrx_word' id='word_1_149' title='bbox 396 2426 534 2491; x_wconf 84' lang='lat' dir='ltr'><strong>virorum</strong></span> <span class='ocrx_word' id='word_1_150' title='bbox 550 2426 737 2487; x_wconf 83' lang='lat' dir='ltr'><strong>eruditorum</strong></span> <span class='ocrx_word' id='word_1_151' title='bbox 753 2427 831 2488; x_wconf 79' lang='lat' dir='ltr'><strong>votis</strong></span> <span class='ocrx_word' id='word_1_152' title='bbox 848 2426 1019 2499; x_wconf 81' lang='lat' dir='ltr'><strong>satisfaciat,</strong></span> <span class='ocrx_word' id='word_1_153' title='bbox 1035 2426 1116 2503; x_wconf 90' lang='lat' dir='ltr'><strong>quod</strong></span> <span class='ocrx_word' id='word_1_154' title='bbox 1131 2426 1205 2486; x_wconf 83' lang='lat' dir='ltr'><strong>faxit</strong></span> <span class='ocrx_word' id='word_1_155' title='bbox 1219 2427 1316 2487; x_wconf 86' lang='lat' dir='ltr'><strong>Deus!</strong></span> 
     </span>
    </p>
   </div>
   <div class='ocr_carea' id='block_1_3' title="bbox 490 2622 1323 2701">
    <p class='ocr_par' dir='ltr' id='par_1_4' title="bbox 490 2622 1323 2701">
     <span class='ocr_line' id='line_1_18' title="bbox 490 2622 1323 2701; baseline 0.004 -17"><span class='ocrx_word' id='word_1_156' title='bbox 490 2622 656 2699; x_wconf 84' lang='lat' dir='ltr'><strong>Oeuipouta</strong></span> <span class='ocrx_word' id='word_1_157' title='bbox 672 2623 720 2683; x_wconf 90' lang='lat' dir='ltr'><strong>die</strong></span> <span class='ocrx_word' id='word_1_158' title='bbox 736 2623 812 2683; x_wconf 83' lang='lat' dir='ltr'><strong>festo</strong></span> <span class='ocrx_word' id='word_1_159' title='bbox 827 2623 857 2682; x_wconf 93' lang='lat' dir='ltr'><strong>b.</strong></span> <span class='ocrx_word' id='word_1_160' title='bbox 873 2622 983 2683; x_wconf 82' lang='lat' dir='ltr'><strong>Oanisii</strong></span> <span class='ocrx_word' id='word_1_161' title='bbox 1002 2632 1052 2687; x_wconf 77' lang='lat'><strong>27.</strong></span> <span class='ocrx_word' id='word_1_162' title='bbox 1069 2624 1140 2701; x_wconf 79' lang='lat' dir='ltr'><strong>Apr.</strong></span> <span class='ocrx_word' id='word_1_163' title='bbox 1160 2632 1253 2688; x_wconf 81' lang='lat'>1903.</span> <span class='ocrx_word' id='word_1_164' title='bbox 1317 2686 1323 2695; x_wconf 87' lang='grc'>,</span> 
     </span>
    </p>
   </div>
   <div class='ocr_carea' id='block_1_4' title="bbox 1388 2759 1705 2863">
    <p class='ocr_par' dir='ltr' id='par_1_5' title="bbox 1388 2759 1705 2863">
     <span class='ocr_line' id='line_1_19' title="bbox 1388 2759 1705 2863; baseline 0.006 -4"><span class='ocrx_word' id='word_1_165' title='bbox 1388 2800 1625 2863; x_wconf 69' lang='lat' dir='ltr'><strong>nortatus.</strong></span> <span class='ocrx_word' id='word_1_166' title='bbox 1701 2759 1705 2769; x_wconf 33' lang='grc' dir='ltr'>Ι</span> 
     </span>
    </p>
   </div>
   <div class='ocr_carea' id='block_1_5' title="bbox 0 0 2180 5925">
    <p class='ocr_par' dir='ltr' id='par_1_6' title="bbox 0 0 2180 5925">
     <span class='ocr_line' id='line_1_20' title="bbox 0 0 2180 5925; baseline 0 0"><span class='ocrx_word' id='word_1_167' title='bbox 0 0 2180 5925; x_wconf 95' lang='lat' dir='ltr'><strong> </strong></span> 
     </span>
    </p>
   </div>
  </div>
 </body>
</html>
