4350 5934
542 614 604 674 433
957 601 1107 655 col-5⁵0.
1119 596 1276 668 Scriptores
1288 595 1429 668 polemici.
1786 614 1853 670 454

541 785 656 846 illustri
672 804 706 847 ex
723 783 835 845 familia
856 782 889 843 in
905 783 1038 860 Tellepls
1059 782 1183 843 civitate
1194 780 1337 843 ‘Domino
1350 782 1428 843 obiit
1442 802 1466 843 c.
1481 803 1508 843 u
1525 791 1599 848 533.
1620 785 1694 862 Ejus
1708 786 1855 846 memoria

540 874 710 951 provinciae
725 874 892 951 Bycecenae
914 890 939 937 c.
954 892 980 932 s.
997 881 1060 937 468
1085 867 1184 955 (juxte
1210 871 1247 931 eb
1262 871 1394 933 Ecclesia
1408 873 1550 933 moclitur
1569 885 1595 938 1.
1610 874 1677 933 lau.

541 963 616 1023 ulios
633 960 720 1047 466).
751 962 835 1023 Curis
857 980 892 1021 cc
916 961 1030 1021 deliciis
1044 960 1183 1021 seculari-

541 1051 599 1113 bus
614 1052 793 1114 renuncians
808 1055 909 1111 motus
931 1050 1109 1128 praesertim
1124 1050 1182 1110 lec-
1257 1058 1329 1113 262.
1344 1050 1451 1111 Merito
1466 1050 1503 1112 de
1518 1070 1553 1111 eo
1569 1051 1714 1113 scribite.
1729 1053 1810 1113 leid
1819 1074 1853 1114 o·

540 1139 1182 1219 ticueexpcsitionise.AugustiniinPs.36,
1210 1156 1276 1199 rus
1300 1138 1338 1199 de
1361 1138 1416 1199 vir.
1441 1140 1485 1205 ill.
1515 1159 1540 1202 c.
1562 1150 1619 1205 27:
1649 1140 1854 1219 ,Fulgentius

540 1230 686 1291 Faustum
700 1230 873 1308 episcopum
888 1232 962 1289 tunc
971 1228 1040 1289 fidei
1050 1229 1183 1289 exsulem
1210 1228 1273 1287 efer
1287 1276 1296 1290 .
1312 1276 1320 1289 .
1336 1276 1344 1291 .
1359 1230 1393 1288 in
1407 1230 1594 1291 confessione
1608 1230 1677 1290 fidei
1692 1230 1803 1304 clerus,
1818 1232 1854 1292 in

540 1318 616 1378 udiit
631 1323 720 1395 etque
736 1318 832 1379 enixis
847 1317 994 1395 precibus,
1017 1320 1054 1378 ut
1069 1318 1101 1377 in
1116 1319 1183 1394 ejus
1210 1315 1373 1393 Scripturie
1386 1317 1500 1379 divinis
1522 1319 1728 1397 copiosissime
1750 1321 1854 1381 erudi-

540 1409 755 1468 moneeterium
776 1407 968 1485 reciperetur,
992 1406 1114 1467 tandem
1128 1407 1182 1466 ob·
1209 1409 1270 1476 tus,
1285 1406 1319 1467 iu
1334 1406 1483 1483 loquendo
1492 1427 1613 1485 quoque
1626 1408 1733 1480 duleis
1748 1409 1782 1468 in
1796 1410 1851 1470 do·

540 1496 642 1560 tinuit
664 1498 741 1557 Mira
754 1497 923 1557 constantia
936 1496 1041 1557 matris
1057 1500 1183 1555 conatus
1209 1494 1302 1555 condo
1329 1514 1363 1556 ac
1384 1496 1559 1559 disserendo
1574 1497 1706 1571 subtilis,
1731 1499 1853 1577 scripsit

541 1604 609 1645 eum
625 1586 795 1646 retrahendi
808 1584 847 1645 ed
856 1586 949 1645 seculi
964 1585 1084 1663 negotis
1099 1584 1182 1657 uicit,
1209 1584 1333 1645 multu<
1350 1585 1387 1644 In
1402 1587 1467 1647 suis
1482 1586 1623 1663 operibus
1631 1587 1854 1665 Ariencsprse·

540 1677 572 1734 et
586 1674 808 1751 persecutiones
829 1691 937 1752 pessus
960 1678 1007 1735 est
1021 1692 1129 1753 greces
1144 1673 1181 1733 sb
1209 1674 1315 1733 sertim
1327 1674 1423 1735 solide
1432 1675 1578 1753 docteque
1586 1676 1754 1754 impugnet
1769 1678 1854 1737 lnter

541 1763 669 1823 Arianis
699 1764 854 1825 Desiderio
869 1764 1007 1842 flagravit
1030 1762 1182 1824 invisendi
1209 1781 1245 1823 ea
1258 1763 1406 1830 eminetl
1420 1767 1457 1825 de
1470 1766 1528 1840 fide
1548 1764 1585 1825 ad
1601 1766 1725 1825 Petrum
1745 1785 1800 1827 eeu
1815 1767 1853 1826 de

540 1851 1182 1931 Aegyptideserta,queequoudsmeremitu·
1209 1853 1315 1931 regula
1352 1872 1439 1915 uerae
1476 1854 1547 1915 fidei
1584 1850 1728 1936 (lligne
1765 1855 1851 1925 XLV,

540 1960 607 2001 runi
624 1942 687 2003 rita
700 1943 938 2015 illustrebunbur,
954 1941 1092 2001 hinciter
1106 1941 1182 2000 erri-
1211 1938 1410 2026 671-708),
1426 1946 1574 2003 tractatus
1583 1962 1653 2003 vere
1662 1962 1781 2016 eumue,
1791 1962 1853 2020 quo

540 2031 616 2107 pnil,
625 2039 640 2070 ‘
657 2031 708 2092 sed
725 2031 879 2109 syracusis
899 2030 1004 2090 bresit.
1034 2029 1108 2089 Inde
1123 2029 1181 2089 Ro·
1208 2031 1343 2107 erpoeitu
1357 2033 1441 2108 prius
1456 2032 1513 2093 fide
1528 2032 1673 2093 duelies
1687 2034 1724 2093 de
1739 2034 1853 2109 praeci·

540 2139 620 2180 mum
641 2121 765 2181 mensiit
786 2120 987 2197 apostolorum
1009 2119 1181 2180 memoriam
1208 2120 1278 2197 puis
1293 2122 1447 2198 mysteriis
1455 2123 1590 2198 ejusdem
1598 2121 1696 2183 veluti
1706 2139 1853 2183 summum

541 2209 727 2269 salutaturus
734 2208 1182 2286 rediitqneiuAlricsmingeuti
1209 2218 1251 2273 40
1267 2210 1408 2287 ospitalis
1424 2230 1454 2275 ιι.
1465 2221 1595 2277 45-84
1611 2214 1853 2289 comprehensum

540 2297 650 2375 geudio
665 2299 756 2359 esuis
767 2301 915 2375 exceptus.
931 2298 1051 2357 Novum
1059 2297 1180 2357 ibicon·
1208 2298 1328 2359 exhibet
1356 2300 1445 2361 Petro
1470 2300 1584 2361 bomini
1614 2300 1691 2360 luico
1713 2300 1851 2361 veritatis

541 2385 618 2445 didit
655 2387 869 2448 monesterium
906 2387 1025 2464 piisque
1057 2387 1181 2446 monitis
1208 2387 1353 2459 studioso,
1375 2389 1430 2465 qui
1444 2389 1678 2466 Hierosolymam
1700 2389 1853 2467 profectu-

540 2475 652 2536 multos
689 2476 830 2537 excitevit
871 2476 908 2536 sd
947 2475 1180 2552 amplectendam
1207 2495 1261 2535 rus
1276 2495 1345 2537 eum
1360 2477 1689 2557 deregulamgeverat,
1704 2481 1852 2555 utpceeet

539 2564 633 2624 ritem
646 2566 828 2643 religiosam.
844 2566 917 2625 (lum
932 2565 1102 2625 sanctitutis
1112 2564 1181 2625 doc·
1207 2565 1343 2625 haereses
1380 2586 1433 2643 per
1460 2568 1659 2629 Pelaestinam
1696 2570 1850 2643 serpentes

539 2654 1181 2732 trinusqueejusfamssemperlatiusdiffnn·
1208 2672 1367 2732 agnoscere
1383 2660 1415 2715 et
1424 2658 1527 2721 nitere.
1544 2657 1701 2733 (leputdb.
1711 2674 1851 2733 seuquae

538 2742 669 2815 deretur,
692 2764 709 2803 e
731 2744 938 2820 anpensibus
961 2744 1111 2821 expetitus
1134 2746 1181 2804 est
1206 2746 1377 2819 sequnntur
1390 2750 1461 2822 poet
1475 2765 1505 2806 n.
1523 2755 1564 2810 85
1579 2747 1614 2806 in
1628 2745 1851 2823 antiquioribus

538 2832 694 2910 episcopus
709 2835 794 2893 tanto
810 2832 923 2904 ardore,
940 2835 976 2893 ut
991 2851 1007 2893 e
1023 2833 1098 2893 cells
1111 2852 1179 2909 rep·
1206 2833 1252 2894 ed.
1267 2834 1373 2894 merito
1388 2834 1492 2911 spurie
1506 2834 1663 2895 habentur.
1691 2834 1850 2895 Edidimns

536 2923 588 2981 tus
612 2941 673 2983 uon
697 2927 759 2982 tem
783 2923 916 2999 pontifex
938 2940 1002 2983 esse
1024 2924 1181 3001 regeretur
1207 2922 1294 2982 illum
1321 2922 1402 2983 inter
1424 2925 1571 3001 opuscula
1593 2924 1704 2985 selecta
1727 2923 1777 2982 SS.
1793 2924 1849 2983 ΡΡ.

537 3030 628 3086 quem
650 3025 806 3091 cogeretur
822 3006 925 3095 (510).
955 3013 1022 3071 Mox
1046 3014 1180 3072 tumens
1207 3011 1283 3081 XVI,
1305 3024 1341 3078 17
1349 3022 1446 3077 1260
1463 3012 1624 3089 Oeniponti
1637 3022 1735 3084 1871;
1755 3021 1849 3077 1895.

538 3118 609 3178 rege
625 3100 846 3161 Thresemundo
868 3120 936 3161 cum
958 3101 1025 3161 eliis
1050 3110 1091 3164 60
1117 3101 1179 3178 epi·
1207 3136 1251 3145 -
1266 3099 1356 3163 Liber
1379 3103 1416 3161 ds
1436 3104 1578 3163 trinitate
1601 3102 1638 3161 ud
1653 3102 1781 3162 Felicem
1795 3120 1849 3162 nc·

538 3189 1019 3267 scopisprorinciaebynacenaein
1028 3190 1180 3249 Sardiniae
1206 3191 1318 3251 tarium
1333 3188 1550 3274 (ser-508);
1566 3191 1643 3252 liber
1657 3198 1759 3251 contro
1773 3193 1849 3253 Ari-

537 3276 666 3337 insulum
682 3280 766 3338 exsul
782 3280 889 3356 pulsus
906 3281 959 3339 est.
976 3279 1088 3339 Horum
1115 3279 1179 3356 epi·
1207 3298 1288 3350 enos,
1305 3281 1412 3357 inquo
1428 3281 1529 3341 decem
1544 3279 1762 3357 objectionibus
1784 3298 1848 3339 res-

536 3385 692 3443 ecoporum
708 3369 774 3444 ipse
804 3370 868 3427 erat
892 3368 997 3446 lingua
1017 3370 1108 3444 etque
1132 3368 1180 3427 in·
1208 3367 1327 3445 pendet,
1352 3388 1427 3446 quas
1449 3370 1692 3429 'lbrsssmundus
1716 3387 1769 3429 rex
1783 3386 1808 3429 c.
1822 3388 1848 3427 a.

538 3456 669 3531 genium.
686 3456 951 3533 ,Quandocunque
967 3456 1055 3531 euim,
1078 3457 1180 3533 inquit
1209 3468 1270 3522 515
1287 3463 1484 3535 preposuerat
1498 3453 1720 3541 (eos—224),
1737 3457 1849 3517 etlibri

538 3546 642 3605 auctor
666 3545 745 3605 ritae
761 3544 856 3621 ipsius
871 3563 896 3605 c.
914 3554 964 3617 20,
990 3546 1179 3607 tresmsrinie
1206 3547 1251 3605 111
1266 3549 1304 3605 ad
1319 3547 1455 3620 eundem,
1480 3548 1592 3625 quibus
1617 3547 1654 3608 ad
1678 3548 1753 3607 alies
1768 3548 1848 3623 ejus·

538 3632 635 3693 literis
651 3634 688 3694 de
703 3633 761 3695 fide
776 3636 825 3695 vel
849 3634 886 3694 de
901 3634 1029 3695 diversis
1045 3636 1179 3712 quaesti·
1207 3636 1275 3695 dem
1291 3636 1480 3714 exceptiones
1504 3656 1538 3697 ex
1554 3638 1699 3714 mysterio
1714 3637 1849 3697 incerna-

538 3721 646 3782 onibus
672 3722 934 3801 interrogabantur
949 3724 1089 3802 episcopi,
1106 3725 1178 3785 Ful·
1207 3725 1300 3785 ticnie
1315 3729 1466 3790 contrass.
1476 3726 1631 3786 Trinitstis
1641 3725 1730 3785 fidem
1739 3726 1848 3802 petitus

537 3812 639 3889 gentio
656 3812 834 3889 respondere
860 3832 914 3889 pro
930 3813 1067 3873 omnibus
1082 3814 1179 3891 impo·
1206 3811 1590 3898 respondemus-304).
1607 3816 1638 3874 L.
1653 3816 1694 3875 od
1709 3815 1850 3875 Vectorem

538 3900 694 3965 nebstur.‘
725 3902 802 3962 Hinc
817 3902 930 3980 egregii
945 3902 1066 3979 quidam
1082 3903 1179 3963 libelli
1207 3899 1413 3985 (eor-528)
1439 3910 1541 3965 contre
1565 3922 1732 3964 sermonem
1754 3903 1848 3963 Festi-

538 4008 570 4049 ex
578 3992 642 4067 ejus
648 3991 825 4067 prodierunt
831 3990 1179 4052 celemo.'1'hrassmundo
1207 3992 1284 4051 diesi
1299 3993 1395 4052 eriani
1412 3989 1575 4074 (quondum
1592 3992 1731 4053 catholici
1746 3995 1778 4053 et
1785 4011 1848 4051 mo-

537 4078 657 4139 demum
681 4080 822 4141 defuncte
849 4076 943 4163 (523)
966 4081 1115 4157 episcopis
1130 4101 1179 4141 ex·
1206 4081 1304 4153 nscbi,
1328 4082 1383 4158 qui
1406 4083 1443 4142 ed
1468 4083 1597 4143 Arianos
1620 4075 1790 4164 defecerat).
1806 4114 1850 4125 -

537 4168 653 4228 sulibus
668 4188 723 4245 per
738 4169 924 4230 Hildericum
945 4172 1012 4247 ejus
1028 4188 1179 4231 successo·
1207 4170 1294 4231 biber
1307 4169 1345 4230 ad
1356 4171 1498 4231 Scarilam
1512 4172 1547 4231 de
1561 4173 1763 4231 immeliensi
1777 4169 1850 4230 Filii

536 4276 598 4315 rem
629 4258 727 4318 redire
757 4257 852 4318 licuit.
892 4259 1013 4337 Ingenti
1044 4259 1178 4320 fidelium
1207 4261 1264 4320 Dei
1279 4263 1310 4319 et
1326 4260 1431 4320 vilium
1443 4260 1617 4320 animalium
1633 4264 1754 4321 auctore
1772 4268 1849 4324 573-

536 4345 646 4423 gaudic
661 4347 840 4425 Fulgentius
865 4350 959 4409 redux
974 4353 1117 4425 exceptus
1133 4352 1181 4410 est
1208 4350 1295 4427 603).
1311 4383 1355 4395 -
1370 4349 1459 4409 Liber
1473 4357 1575 4410 contm
1590 4349 1756 4409 Fabianum
1773 4349 1849 4408 aria-

536 4437 694 4511 totumque
706 4437 769 4513 jem
785 4455 817 4497 se
832 4436 987 4514 impendit,
1004 4442 1039 4497 ut
1053 4439 1180 4498 uulnere
1206 4458 1280 4499 num
1294 4438 1394 4516 periit,
1411 4439 1464 4499 sed
1482 4440 1645 4515 supersunt
1659 4438 1757 4498 adbuc
1771 4438 1849 4515 fiag-

536 4526 598 4583 tsm
614 4524 757 4585 diuturne
772 4526 1178 4603 diraquspersecnbionellc·
1207 4531 1308 4587 ments
1333 4538 1374 4591 39
1406 4528 1537 4605 pretiose
1560 4523 1775 4610 (ub-834),
1806 4527 1850 4585 ito

536 4613 640 4673 clesiee
663 4614 777 4675 inflictu
799 4618 925 4677 sanaret.
957 4614 1021 4685 Qus
1044 4616 1077 4675 in
1093 4634 1179 4677 occu·
1206 4618 1296 4677 etiam
1325 4616 1417 4693 periit
1447 4636 1522 4695 opus
1552 4618 1693 4676 aduersus
1722 4616 1849 4688 Hmem,

535 4704 655 4779 petione
678 4706 767 4781 etque
783 4705 816 4764 in
832 4704 928 4765 omnis
945 4706 1065 4781 pietatis
1081 4706 1179 4782 operi·
1206 4724 1274 4765 nam
1289 4707 1310 4765 l.
1322 4723 1382 4781 pro
1396 4704 1456 4782 (ide
1470 4706 1610 4767 ccttdicc
1624 4705 1767 4765 adversus
1778 4705 1849 4764 Pin·
1889 4700 1893 4709 '

537 4792 593 4850 bus
609 4793 760 4869 reliquum
770 4794 911 4870 temporis
926 4796 1080 4873 transegit.
1100 4795 1179 4855 llor-
1206 4798 1266 4855 tam
1282 4814 1328 4872 ep.
1343 4796 1489 4867 mianum,
1505 4796 1559 4872 qni
1573 4794 1632 4854 sub
1646 4794 1712 4870 ejus
1728 4795 1848 4855 nomine

536 4878 574 4939 bo
590 4880 736 4942 diuturno
760 4888 914 4959 correptus
937 4883 1017 4943 inter
1036 4884 1179 4965 gravissi-
1206 4884 1424 4957 circumfertur,
1441 4904 1501 4946 nen
1518 4886 1658 4945 censetur
1682 4884 1848 4961 genuinns;

537 4986 600 5028 mos
616 4970 732 5031 dolores
755 4973 825 5032 bcec
848 4972 1052 5049 ingeminabat
1073 4973 1179 5034 verbs:
1205 4968 1849 5055 periitetccmmonitcrium(brevissimum)

536 5058 692 5132 ,Domine
710 5061 925 5122 damibimodc
936 5062 1178 5139 hicpetieutiam,
1206 5064 1241 5122 de
1256 5062 1371 5139 Spiritu
1385 5083 1418 5135 a,
1434 5064 1521 5140 cujus
1533 5065 1652 5123 exstent
1661 5060 1720 5121 duo
1729 5061 1850 5121 tuntum

536 5152 638 5224 postes
653 5149 902 5228 indulgentium,‘
921 5155 1010 5228 utque
1026 5152 1069 5212 ite
1084 5152 1132 5229 pie
1147 5153 1180 5211 in
1206 5152 1380 5230 fragmenta„
1411 5153 1501 5213 Hisce
1525 5150 1664 5230 operibus
1687 5151 1749 5211 lere
1770 5169 1850 5211 com-
