4350 5934
368 646 428 703 793
868 628 912 681 Jo.
926 627 1027 683 Seotns
1042 626 1177 698 Erigena.
1614 644 1677 697 794

364 816 490 875 Domum
505 815 583 875 illud
598 815 692 875 edidit
707 815 833 874 Thomas
851 816 1004 885 Galeas,
1034 815 1118 889 ejus‘,
1141 816 1172 873 ot
1193 811 1440 873 Adreraldus
1456 832 1545 873 suum
1560 813 1594 870 de
1609 830 1675 871 eor·

365 905 470 964 Oxouii
498 914 599 976 16813
625 904 810 965 Scbltitsr
833 903 1006 963 Monusterii
1029 920 1104 977 pore
1115 910 1141 961 et
1150 906 1291 981 sanguine
1300 902 1420 961 Domini
1434 902 1453 962 l
1469 902 1588 977 scripsit
1598 919 1676 973 ,con-

369 1002 469 1065 1838;
492 994 561 1053 hine
583 994 692 1053 iterum
709 1012 777 1053 eum
793 993 954 1069 appendice
970 1011 1005 1066 qr
1033 998 1081 1051 trs
1097 992 1225 1067 ineptias
1234 992 1282 1051 lo.
1292 991 1395 1061 Scoti‘;
1410 993 1533 1051 Beren
1542 991 1676 1069 garius

365 1083 515 1160 ambiguis
537 1100 559 1142 s.
575 1082 694 1142 Maximi
717 1082 901 1159 prohibitum
923 1084 954 1141 et
975 1083 1006 1141 iu
1035 1099 1154 1158 quoque
1176 1099 1234 1139 seo.
1256 1081 1290 1139 X
1314 1080 1352 1140 ad
1376 1100 1445 1139 enm
1469 1084 1620 1156 provocat,
1646 1085 1679 1139 et

365 1173 396 1232 ll.
413 1172 633 1248 prohibitorum
650 1171 778 1231 indicem
794 1170 854 1229 fnit
868 1172 1006 1234 relatum.
1035 1177 1139 1245 postea
1148 1170 1287 1246 pluribus
1302 1170 1335 1227 in
1349 1169 1471 1245 synodis
1487 1170 1552 1243 ejus
1568 1169 1588 1227 l.
1604 1188 1676 1228 con·

364 1260 403 1321 nt
418 1279 489 1320 sane
504 1261 537 1319 in
557 1280 591 1321 eo
611 1264 716 1319 tuetur
731 1260 918 1337 apertissime
934 1280 1006 1336 pan·
1036 1259 1143 1319 scissus
1159 1264 1250 1334 etque
1265 1258 1329 1337 igni
1344 1258 1405 1317 fuit
1418 1258 1557 1317 traditus.
1587 1257 1678 1317 Hisce

364 1349 535 1419 theismum,
551 1350 639 1409 illurn
657 1350 801 1421 videlidet,
823 1368 912 1424 quem
928 1368 1006 1409 ema·
1035 1348 1303 1407 nonobstantibus
1316 1347 1437 1408 videtur
1451 1345 1587 1416 dubium,
1604 1366 1677 1406 num

365 1440 502 1499 nativum
516 1443 633 1509 vocant,
649 1450 680 1497 et
695 1439 798 1514 plures
814 1438 1007 1515 gravissimus
1036 1438 1082 1500 Jo.
1100 1438 1205 1496 Scotns
1221 1437 1291 1495 dats
1305 1454 1395 1512 opera
1410 1437 1429 1500 l.
1445 1435 1483 1493 de
1498 1436 1679 1496 eucharistia

364 1528 516 1587 doctrines
533 1527 709 1587 christianae
724 1528 867 1587 veritates
883 1528 919 1585 ad
935 1547 1008 1603 pau·
1036 1526 1204 1601 scripserit:
1229 1542 1391 1602 quaerero
1407 1525 1436 1583 ei
1451 1524 1677 1599 exprobrantur,

363 1616 485 1677 theismi
507 1616 598 1676 istius
625 1616 743 1675 decreta
766 1616 932 1676 miserrime
957 1616 1007 1675 de·
1036 1616 1181 1693 leguntur
1194 1615 1227 1673 in
1242 1616 1263 1678 L
1278 1614 1478 1675 Batramni
1500 1613 1538 1672 de
1560 1614 1615 1672 hoc
1630 1632 1677 1671 ar·

363 1708 476 1784 praeut.
1037 1707 1188 1783 gumeuto,
1211 1705 1264 1780 qui
1286 1704 1314 1763 ei
1334 1722 1369 1763 ex
1383 1721 1483 1763 errore
1497 1702 1547 1762 vel
1561 1704 1676 1778 conjec-

1036 1798 1106 1852 tura
1126 1790 1357 1874 tribuebaturl).
1389 1793 1527 1852 Ceterum
1550 1792 1576 1849 si
1597 1794 1677 1850 cata·

411 1893 482 1948 433.
494 1884 562 1943 Alis
572 1884 705 1960 ejusdem
716 1902 805 1960 opera
816 1888 905 1945 sunt:
921 1883 1007 1943 Hom.
1037 1882 1114 1960 logis
1129 1886 1265 1941 veterum
1280 1881 1317 1941 ds
1337 1881 1369 1940 ll.
1385 1881 1432 1943 Jo.
1449 1881 1526 1939 Secti
1543 1880 1616 1941 fides
1632 1884 1679 1940 est

366 1977 396 2033 ire
406 1976 560 2053 prologum
571 1992 595 2038 s.
606 1974 658 2035 Er.
671 1973 834 2032 seeundum
845 1974 1008 2043 Josnnem3
1035 1971 1179 2042 habenda,
1203 1972 1332 2047 plurima
1351 1970 1485 2047 ejusdem
1501 1970 1611 2045 scripta
1625 1969 1677 2028 de·

364 2063 568 2123 commentarii
579 2066 611 2122 ic
620 2063 673 2121 Ea.
684 2064 841 2123 seeundum
851 2062 1005 2137 Joonnem,
1036 2061 1213 2129 siderentur,
1229 2064 1283 2120 sut
1292 2058 1448 2135 deperdita
1456 2060 1510 2117 aut
1521 2058 1553 2117 in
1569 2058 1677 2118 biblio·

366 2172 494 2229 quorum
510 2152 677 2230 fragmenta
696 2155 816 2211 tautum
836 2155 1007 2227 supersunt.
1035 2149 1130 2209 thecis
1146 2149 1366 2208 delitescentia:
1389 2148 1467 2207 forte
1486 2148 1518 2205 in
1533 2147 1615 2207 hisee
1629 2166 1678 2205 er·

364 2243 410 2301 De
420 2243 684 2317 praedestinatione
700 2242 728 2312 l..
753 2242 839 2317 cujus
864 2241 936 2299 haee
957 2259 1007 2301 ex·
1035 2236 1677 2315 roneaaliquavelambiguadeeuebaristia

365 2332 447 2390 stitit
462 2330 583 2390 occasio.
610 2331 809 2390 Damnaverat
825 2330 1007 2389 Hincma·
1035 2327 1226 2405 legebantur:
1249 2329 1379 2403 atquae
1401 2327 1550 2386 hebeutur
1572 2325 1604 2383 in
1619 2324 1678 2383 Ex·

363 2440 430 2480 rus
446 2419 686 2479 Gottosebaloum
706 2424 742 2477 ut
756 2419 1005 2495 praedestinatia-
1035 2419 1125 2491 posit.
1141 2435 1233 2492 super
1247 2417 1320 2476 bier.
1336 2415 1408 2475 coel.
1432 2433 1495 2490 cap.
1514 2426 1527 2478 l
1549 2411 1601 2481 §3
1620 2415 1676 2493 (ed.

363 2529 445 2569 num.
471 2509 548 2568 Hine
565 2510 665 2585 plures
681 2507 906 2567 arbitrabantur
921 2526 1006 2583 prae·
1034 2506 1146 2565 Floss
1158 2525 1186 2581 p.
1201 2506 1275 2584 140)
1285 2505 1425 2564 sinistrae
1435 2503 1678 2579 interpretationi

365 2600 460 2659 sulem
477 2598 563 2657 illum
579 2598 611 2656 in
627 2596 830 2657 Gottesohaloo
846 2597 967 2673 petiisse
984 2616 1008 2661 s,
1034 2600 1175 2671 poteraut
1182 2594 1250 2653 dare
1258 2594 1450 2653 occasionem.
1467 2592 1590 2669 Scripta,
1600 2612 1679 2667 quae

364 2688 578 2766 augustinum.
604 2687 709 2763 Itaque
724 2686 834 2745 acriter
849 2704 918 2745 eum
935 2688 1008 2746 sunt
1035 2686 1208 2760 supersunt,
1240 2684 1361 2760 collegit
1392 2681 1546 2758 ediditque
1569 2681 1678 2741 Floss

366 2777 499 2856 aggressi
524 2778 649 2852 ejusque
679 2776 808 2834 amioum
833 2775 1006 2845 Pardulum,
1034 2774 1066 2831 in
1081 2773 1208 2851 Migne
1224 2773 1255 2833 P.
1271 2772 1303 2835 la.
1319 2770 1429 2832 cxxn.

366 2885 410 2942 sp.
427 2866 652 2944 lugdunensem,
677 2865 729 2939 qui
752 2864 779 2923 ei
801 2864 834 2923 in
848 2864 903 2923 bae
919 2882 1006 2923 causa

365 2954 566 3015 fidelissimam
576 2954 767 3030 praestiterat
776 2958 1007 3029 operam2atque
1081 2960 1154 3015 434.
1177 2951 1260 3010 Inter
1280 2950 1445 3026 theologos,
1460 2948 1514 3023 qui
1539 2948 1620 3007 hisce
1644 2948 1677 3006 in

365 3043 402 3104 ad
411 3044 519 3105 incitas
529 3044 590 3103 fers
599 3042 789 3120 redegerunt.
809 3042 904 3111 Quare
916 3042 1005 3102 Hinc·
1033 3041 1244 3099 controversiis
1256 3039 1444 3099 emicuerunt
1459 3038 1588 3112 aliisque
1602 3038 1675 3095 sori·

364 3152 464 3193 marus
488 3136 607 3209 praeter
629 3132 703 3191 alios
726 3134 756 3190 et
781 3131 926 3190 Joauuem
952 3150 1004 3191 uo·
1032 3129 1095 3206 ptis
1117 3130 1193 3187 hano
1210 3129 1404 3187 illustrarunt
1425 3126 1589 3203 periodum,
1612 3125 1675 3184 exi·

364 3227 461 3281 strum
478 3222 657 3281 sollicitatus
673 3222 727 3291 est,
751 3225 787 3279 nt
809 3220 842 3279 in
861 3220 1003 3279 auxilium
1033 3218 1130 3278 mium
1144 3218 1232 3294 plane
1246 3218 1371 3276 virtutis
1389 3218 1477 3293 juxta
1499 3218 1590 3290 atque
1605 3215 1675 3273 doc-

364 3310 488 3371 veniret
513 3310 686 3387 Composuit
695 3310 792 3387 igitur
805 3310 911 3369 Scotus
926 3309 1006 3369 bunc
1033 3308 1131 3367 trinae
1145 3307 1314 3383 exemplum
1332 3306 1482 3365 cemimus
1505 3306 1538 3363 iu
1559 3304 1589 3366 b.
1605 3304 1676 3362 Ba·

363 3402 383 3463 l.
408 3420 496 3459 suum
522 3403 612 3473 atque
636 3399 799 3459 dialecticis
823 3399 1005 3475 pbilosophi-
1033 3398 1131 3457 bano
1150 3398 1262 3467 Mauro,
1286 3395 1430 3471 scriptore
1452 3394 1543 3469 hujus
1566 3393 1677 3452 aetatis

363 3491 466 3565 cisque
490 3490 554 3548 suis
577 3490 762 3566 argumentis
785 3488 906 3548 arduam
929 3488 1004 3547 bano
1032 3486 1107 3545 sorte
1138 3485 1273 3546 omnium
1303 3482 1548 3543 laboriosissimo.
1591 3481 1674 3551 Quod

363 3578 565 3655 quaestionem
580 3578 776 3655 theologicam
791 3576 877 3635 nisus
893 3580 939 3635 est
954 3594 1003 3635 ex·
1032 3576 1178 3635 Aleninus
1202 3578 1267 3634 erat
1290 3592 1344 3649 pro
1368 3573 1548 3631 Francorum
1573 3589 1674 3647 regno,

362 3668 475 3744 pedire,
491 3667 542 3727 sed
552 3667 756 3727 infelicissimo
765 3684 917 3725 successu:
933 3684 1003 3725 nam
1031 3668 1096 3724 erat
1104 3665 1243 3723 Rabanns
1258 3682 1312 3739 pro
1325 3662 1490 3733 Germanis,
1506 3661 1576 3719 bino
1591 3660 1672 3719 salu·

363 3757 547 3835 gravissimis
577 3757 758 3833 invictisque
795 3756 885 3814 armis
915 3756 1002 3814 illum
1029 3757 1114 3813 tatur
1136 3753 1319 3825 ,Germaniae
1342 3754 1534 3827 praeceptor‘.
1562 3749 1635 3808 Erat
1648 3750 1676 3807 is

363 3850 435 3906 sunt
450 3845 584 3923 aggressi
609 3844 871 3915 Prudentius,
897 3845 949 3921 qui
974 3845 1002 3903 ei
1030 3862 1065 3901 ex
1087 3843 1202 3901 illustri
1222 3841 1360 3918 prosapia
1375 3840 1547 3916 Moguntiae
1567 3840 1672 3897 oriun-

366 3946 404 3999 77
421 3953 535 3995 errores
545 3936 710 4010 exprobrat,
727 3937 758 3993 et
772 3934 926 4004 Florus,
942 3933 1003 3991 imo
1030 3931 1087 3991 dus
1103 3951 1131 3993 u.
1148 3949 1171 3994 o.
1190 3940 1261 3994 786.
1293 3929 1471 4005 Appellatus
1490 3930 1584 3987 estin
1600 3927 1671 4002 bap·

362 4024 439 4085 duae
464 4024 571 4101 synodi
598 4024 806 4082 valentina
831 4042 856 4084 a.
884 4032 946 4087 855
972 4026 1003 4080 et
1030 4022 1120 4079 tismo
1159 4020 1297 4078 Rebanus
1328 4012 1527 4100 (thebanus),
1566 4035 1676 4075 nomeu

363 4112 634 4192 lingoniensis
658 4112 753 4189 ipsius
769 4113 788 4174 l.
811 4115 841 4171 et
864 4112 1001 4187 capitula,
1032 4110 1153 4168 Mauri
1169 4110 1196 4167 ei
1207 4109 1311 4167 datum
1321 4110 1369 4165 est
1378 4107 1414 4165 ab
1425 4105 1561 4172 Alcuino,
1578 4105 1674 4181 Mag·

363 4203 679 4279 quibuscommentum
688 4201 798 4260 diaboli
807 4201 1002 4277 potiusquam
1030 4193 1675 4279 nentiuafflaguetius)nomeueratgen·

363 4298 571 4369 argumentum
585 4290 705 4366 aliquod
721 4290 790 4348 fidei
806 4290 1002 4360 contineatur,
1031 4287 1156 4345 tilitinm
1173 4284 1273 4365 (justa
1287 4286 1361 4345 alios
1377 4285 1458 4343 idem
1472 4302 1506 4343 ae
1522 4281 1673 4359 Mogonti-

362 4381 640 4457 proscripseruntl).
651 4379 814 4437 —Ilerunt
828 4397 896 4436 eum
913 4379 1003 4437 stiam
1033 4414 1103 4419 ——
1124 4414 1191 4420 --—

362 4469 514 4546 scripsisse
530 4470 564 4527 de
572 4470 758 4527 materiatio.
782 4466 1001 4527 EtsaneHiuo-
1071 4477 1088 4547 ¹)
1100 4473 1141 4529 Gt.
1162 4474 1269 4527 Flora
1288 4474 1320 4526 in
1339 4472 1430 4544 praef.
1449 4470 1527 4542 apud
1548 4470 1674 4540 bligne

362 4578 464 4619 murus
483 4577 551 4617 eum
567 4558 641 4617 satis
657 4560 758 4633 aperte
774 4556 951 4633 perstringit
966 4555 1002 4614 de
1031 4546 1131 4601 CXXII
1151 4563 1218 4617 1>stss-
1237 4545 1289 4599 XX
1302 4562 1353 4601 ⁸⁸=÷
1379 4544 1494 4624 Laura
1513 4541 1606 4595 Ussber
1626 4541 1673 4595 <110

1030 4619 1161 4673 rerlorou
1168 4616 1320 4688 gehalteue
1328 4615 1435 4670 Sehrrit
1442 4614 1491 4667 des
1498 4613 1564 4667 Joh.
1573 4614 1674 4667 Scotus

361 4648 460 4725 prusa.
477 4666 501 4706 ⁰·
517 4658 567 4717 ‘³¹’
585 4647 765 4723 q⁰⁰dl¹²¹t³
780 4646 880 4722 ipsum
896 4662 999 4717 ‚sacra
1032 4708 1087 4744 von
1110 4689 1160 4742 aer
1183 4688 1271 4743 nucu.
1294 4688 1324 4743 n
1349 4686 1445 4741 uneor
1471 4684 1592 4739 Studien
1613 4684 1673 4737 uns

362 4746 497 4796 mentum
514 4736 616 4796 altaris
632 4754 692 4795 ¹1⁰³
715 4754 817 4794 verum
841 4752 949 4810 corpus
973 4742 1003 4792 el
1030 4760 1165 4814 Kritiken
1180 4766 1250 4816 raas
1264 4761 1284 4823 1,
1304 4764 1357 4815 rsa
1370 4776 1405 4812 rs.
1432 4754 1673 4810 cresceremus

362 4844 452 4887 verus
468 4828 510 4885 sit
525 4828 647 4903 sanguis
665 4825 791 4895 Domini,
817 4824 868 4883 sed
884 4826 1003 4882 tantum
1030 4849 1063 4886 eo
1076 4833 1113 4886 of.
1126 4831 1205 4900 apud
1214 4831 1259 4884 Fr.
1275 4830 1476 4899 Ueberweg
1490 4826 1673 4882 Grundr.der

362 4916 505 4976 memoris
528 4916 591 4974 veri
623 4915 753 4991 eorporis
784 4915 815 4974 et
846 4912 1001 4989 sanguinis
1030 4902 1204 5029 gfflcffi
1205 4902 1304 5029 51:³16!
1314 4900 1622 5027 {ffrrgngffiafflhqffl
1635 4916 1672 5023 g}-

1029 5046 1185 5100 Werner
1197 4992 1303 5099 Aladin
1317 5063 1345 5115 p.
1360 5051 1412 5100 182
1424 5060 1474 5099 ss:
1497 5043 1571 5097 circa
1593 5009 1673 5112 prae:

402 5127 421 5197 ¹)
435 5122 476 5178 Cf.
489 5124 560 5177 Hef
565 5123 620 5177 ele
639 5119 949 5193 Conciliengesohiobte
962 5118 1001 5173 lV
1029 5117 1251 5172 destinationem
1271 5118 1310 5171 ib.
1324 5136 1351 5187 p.
1369 5120 1419 5170 186
1432 5131 1466 5166 ss.
1487 5117 1517 5168 et
1535 5112 1627 5167 fusius
1639 5112 1671 5165 in

362 5204 376 5261 ᾖ
390 5202 451 5251 449.
1029 5188 1130 5244 Gesoh.
1142 5190 1193 5243 der
1204 5206 1251 5259 ap.
1266 5208 1292 5243 u.
1306 5185 1426 5258 polLit.
1439 5185 1472 5247 lL
1486 5187 1636 5242 oto-693.
