4350 5934
467 617 533 672 (303
882 599 1032 654 sss-700.
1045 593 1206 666 'l'beologia
1218 593 1368 666 polemico.
1716 613 1778 667 504

467 787 550 844 tent:
567 783 613 844 Ad
630 783 876 844 Thalassium
891 783 1021 842 decuriis
1031 782 1111 841 Scri·
1185 790 1257 846 335.
1274 782 1450 857 Sequuntur
1465 783 1608 859 opuscula
1626 781 1779 843 tbeolo·

466 882 574 951 pturoe
596 893 620 934 s.
642 873 854 952 manicas
875 891 909 932 oc
931 873 1026 932 dubiis
1041 867 1111 952 (65)
1138 869 1263 954 gica¹)
1286 874 1318 930 et
1338 873 1529 947 polemica
1547 867 1627 956 (28),
1650 890 1780 948 quorum

469 982 505 1022 ex
516 962 549 1023 V.
560 967 591 1022 et
601 963 637 1024 N.
647 963 688 1032 Τ,
704 962 881 1039 praesertim
897 981 931 1020 er
948 961 1111 1038 Evangelio
1140 960 1281 1037 pleraque
1297 964 1370 1021 sunt
1384 961 1527 1021 adversm
1546 961 1779 1038 monophysi-

468 1071 494 1112 s.
505 1052 637 1122 Joannis,
654 1069 729 1128 opus
745 1052 895 1128 prolixum
906 1049 1110 1132 (MigneXtt
1139 1053 1265 1108 tarum
1302 1053 1334 1108 et
1370 1051 1636 1110 monotheletarum
1666 1069 1780 1110 errores

473 1136 661 1223 243-786)
678 1141 829 1218 allegoriis
852 1138 1112 1217 etenagogiisin·
1140 1134 1281 1218 (lligne
1307 1139 1377 1211 XCI,
1410 1136 1565 1220 9-286),
1594 1141 1675 1199 inter
1705 1159 1780 1216 quae

471 1232 607 1309 dulgens,
630 1230 667 1290 de
689 1249 749 1306 quo
771 1230 813 1288 ita
829 1231 929 1288 censet
944 1227 1111 1288 Pbotius:
1140 1227 1313 1302 Spirituolis
1334 1235 1429 1288 iomar
1450 1247 1484 1288 uc
1505 1229 1696 1306 dogmaticus,
1721 1247 1780 1304 quo

473 1321 546 1390 ,Est
554 1321 618 1396 ejus
629 1320 722 1378 oratio
732 1319 820 1396 longe
829 1318 973 1394 producta
982 1315 1112 1394 periodis
1141 1316 1316 1389 ostenditur,
1324 1317 1467 1389 ecthesin,
1478 1336 1567 1393 quam
1576 1319 1712 1378 novando
1722 1318 1780 1378 He-

468 1429 504 1469 ac
519 1410 653 1488 gaudens
668 1407 849 1485 hyperbatis,
868 1407 1113 1480 invalescensque
1141 1407 1252 1466 raclius
1262 1407 1334 1482 imp.
1344 1426 1378 1465 ex
1389 1407 1486 1484 Sergii
1495 1407 1547 1467 ΟΡ.
1554 1407 1701 1466 antistitis
1709 1425 1780 1485 sug·

468 1497 775 1558 circumductionibus
785 1514 839 1556 nec
847 1495 1036 1572 proprietatis
1045 1512 1112 1554 ver·
1141 1496 1276 1574 gestione
1291 1494 1487 1555 subdititiam
1496 1495 1600 1568 edidit,
1613 1495 1704 1555 sacris
1717 1516 1781 1556 ora-

472 1589 578 1646 bornm
608 1587 767 1646 admodum
798 1588 893 1644 tenax.
928 1585 971 1642 Ex
1001 1583 1113 1660 quibus
1141 1585 1217 1645 culis
1239 1587 1330 1659 atque
1353 1585 1493 1661 patribus
1517 1587 1604 1664 longe
1628 1585 1779 1646 dissonam

472 1679 628 1753 periciam
638 1675 749 1752 passim
759 1673 998 1734 lucubrationem
1013 1675 1044 1730 et
1059 1670 1112 1730 ob·
1141 1693 1205 1734 esee
1228 1673 1422 1750 profanisque
1446 1674 1611 1743 haereticis,
1636 1679 1702 1734 tum
1726 1676 1778 1751 qui

470 1767 598 1825 scuritas
623 1763 755 1824 decurrit
778 1765 809 1822 et
832 1761 1011 1838 assequendi
1036 1759 1113 1820 diffi-
1141 1763 1353 1832 consusionem,
1377 1766 1444 1822 tum
1468 1764 1521 1839 qui
1545 1763 1723 1824 divisionem
1746 1765 1780 1822 in

470 1855 585 1915 cultas.
603 1899 609 1912 .
626 1900 632 1913 .
649 1853 730 1912 idem
740 1853 894 1929 praeterea
904 1851 951 1910 sui
962 1849 1113 1910 studiosos
1141 1851 1250 1911 christi
1266 1852 1321 1911 Dei
1345 1853 1442 1910 nostri
1456 1853 1599 1929 mysterio
1615 1857 1780 1912 monstrose

472 1943 688 2021 propemodum
704 1941 861 2002 obtundit:
885 1942 957 2000 adeo
977 1939 1114 2015 procula
1141 1944 1303 2018 nugantur,
1325 1941 1493 2000 consentire
1513 1938 1567 2023 (ib.
1585 1943 1780 2008 155-183).

473 2033 561 2092 litera
583 2035 614 2092 et
635 2034 705 2091 nota
727 2029 851 2089 historia
873 2029 936 2089 sive
959 2029 1060 2105 potius
1076 2027 1113 2087 ab
1141 2030 1326 2106 Opneculum
1347 2030 1382 2088 de
1396 2033 1498 2089 onim
1512 2024 1566 2111 (ib.
1583 2025 1779 2114 353-362).

473 2141 507 2182 eo
532 2122 606 2197 ipso,
633 2121 713 2198 quod
734 2122 798 2178 erat
813 2118 991 2195 quaesitum,
1016 2117 1113 2194 ipsine
1142 2152 1184 2164 -
1207 2119 1355 2193 Epistulae
1377 2115 1458 2199 (45),
1481 2120 1657 2196 intorques
1679 2121 1780 2196 plures

472 2211 638 2270 solutiones
660 2209 812 2269 recedunt
851 2207 979 2266 'lantum
1009 2206 1035 2264 si
1065 2204 1114 2264 cui
1141 2208 1328 2284 dogmaticae
1343 2210 1375 2267 et
1388 2209 1557 2283 polemicae,
1566 2209 1780 2285 aliaepbiloso·

473 2301 549 2359 torte
564 2301 682 2376 gratum
698 2296 867 2375 anagogicis
888 2300 918 2356 et
933 2294 1114 2370 contemplu-
1142 2297 1253 2374 phicae,
1266 2297 1417 2368 asceticae,
1429 2298 1518 2358 etiam
1529 2299 1697 2369 familiares,
1711 2297 1780 2357 stilo

472 2388 608 2448 tionibus
632 2385 663 2470 (i.
686 2406 711 2449 e.
734 2386 942 2463 spiritualibus
964 2384 1059 2444 sensis
1081 2401 1116 2442 ac
1141 2387 1237 2446 nobili
1262 2387 1455 2461 conscriptae,
1482 2387 1599 2462 aliquae
1623 2386 1783 2446 admodum

474 2473 624 2560 mysticis)
641 2479 771 2537 mentem
786 2475 945 2550 implicare,
966 2491 1116 2548 nusquam
1143 2475 1281 2552 prolixae,
1297 2478 1334 2534 ut
1349 2475 1387 2534 ad
1401 2477 1583 2551 praetectum
1600 2476 1717 2536 Africae
1731 2476 1783 2534 do·

475 2568 502 2626 is
526 2585 596 2626 sane
620 2565 750 2641 reperiat
772 2564 818 2622 his
843 2568 896 2623 aut
918 2563 1012 2640 magis
1035 2561 1117 2620 varia
1143 2565 1257 2624 minum
1274 2564 1481 2641 Georgium
1504 2563 1557 2645 (ib.
1577 2560 1782 2646 363-391);

473 2659 528 2715 aut
553 2655 730 2732 diligentius
755 2654 913 2712 elaborata.
943 2651 1061 2712 Etenim
1085 2652 1117 2710 et
1144 2654 1181 2714 ad
1196 2653 1217 2712 J
1225 2672 1381 2713 oannem
1405 2654 1620 2714 cubicularium
1642 2655 1677 2713 ds
1698 2656 1784 2712 rectis

473 2745 602 2805 aliorum
613 2743 728 2821 colligit
737 2743 769 2801 in
776 2742 918 2820 quasdam
925 2740 1116 2818 quaestiones
1144 2744 1289 2802 Ecclesia
1302 2743 1422 2802 decretis
1439 2747 1472 2801 et
1485 2743 1628 2802 adsersus
1642 2744 1784 2803 Severum

477 2835 564 2906 dicta,
581 2838 648 2893 tum
662 2833 773 2908 adjicit,
790 2851 866 2908 quae
882 2831 978 2907 ipsius
988 2829 1117 2905 diligen·
1143 2831 1326 2892 haereticum
1341 2828 1561 2913 (css-510);
1577 2832 1614 2890 ad
1629 2833 1782 2892 Petrum

473 2925 536 2982 tiae
550 2923 645 2982 nihilo
663 2922 709 2981 his
724 2922 878 2996 minorem,
902 2921 928 2980 si
950 2937 1010 2978 non
1025 2919 1117 2994 majo·
1144 2921 1295 2980 illustrem
1312 2921 1400 2980 seul.
1417 2921 1558 2982 adsersus
1572 2922 1711 2999 dogmata
1725 2919 1783 2980 Se·

476 3031 548 3083 rem,
571 3011 743 3088 praeierunt
764 3013 952 3070 venustatem
974 3013 1006 3067 et
1026 3007 1118 3066 soler·
1146 3010 1229 3070 reri
1245 3005 1418 3091 (blo-534)
1426 3013 1481 3070 eto.
1496 3010 1597 3069 -Ad
1604 3010 1784 3088 theologiam

476 3102 558 3161 tiam.
582 3101 697 3176 Ubique
713 3102 813 3158 antem
828 3099 886 3157 viri
900 3097 1117 3174 pietaspurus·
1145 3099 1239 3177 magis
1255 3098 1467 3174 practicam
1482 3101 1514 3158 et
1527 3099 1690 3159 asoesim
1700 3117 1783 3175 speo-

474 3209 536 3266 que
566 3209 598 3249 ac
629 3190 761 3249 sincerus
795 3188 828 3247 iu
858 3187 1008 3247 Christum
1038 3203 1119 3244 amor
1144 3193 1213 3247 tant
1251 3187 1340 3246 Liber
1361 3189 1501 3248 oratioue
1518 3185 1640 3269 (merito
1654 3189 1784 3247 celebra-

478 3279 606 3341 elucet.‘
622 3278 794 3338 -Similis
811 3276 919 3336 indolis
936 3278 1009 3335 sunt
1025 3277 1117 3348 Quae-
1145 3272 1210 3359 tus)
1235 3295 1289 3352 per
1312 3276 1575 3354 interrogationem
1606 3280 1638 3335 et
1661 3295 1785 3353 respon·

474 3371 590 3445 stiones,
608 3367 857 3444 interrogationes
872 3368 904 3425 et
913 3365 1118 3441 responsiones
1145 3367 1267 3436 sionem,
1286 3365 1393 3442 inquo
1409 3367 1564 3425 caritatem
1579 3366 1702 3426 mirifice
1717 3368 1784 3426 lau·

478 3457 723 3532 diversorumque
754 3454 956 3515 difficiliorum
986 3453 1117 3530 capitum
1146 3457 1198 3514 dat
1228 3455 1401 3531 liquideque
1431 3455 1544 3531 absque
1574 3456 1786 3534 allegoriarum

475 3547 572 3604 electa
587 3541 668 3626 (79),
686 3545 726 3609 ib.
742 3564 770 3620 p.
789 3553 978 3614 785-856;
993 3561 1116 3620 respon·
1145 3547 1199 3604 aut
1229 3544 1293 3603 stili
1323 3544 1523 3619 productioris
1553 3545 1690 3604 anlractu
1717 3538 1786 3625 (XC,

480 3634 523 3693 sio
539 3634 664 3709 adqq.3
681 3633 937 3709 'I'heopempti
954 3631 1119 3692 scholastici
1148 3633 1344 3708 911-956).
1374 3633 1467 3692 Leotu
1488 3638 1537 3692 est
1550 3634 1707 3693 &modum
1724 3633 1785 3692 uti·

474 3719 531 3805 (ib.
562 3718 807 3803 1393-1401);
838 3723 989 3797 samario
1013 3725 1045 3781 ia
1070 3723 1119 3780 Pe.
1147 3723 1194 3793 lis,
1220 3723 1273 3797 qui
1298 3723 1433 3781 omnium
1454 3722 1561 3781 virtuti
1584 3723 1786 3782 studiosorum

479 3811 565 3888 LIX,
582 3811 614 3870 in
625 3811 912 3888 quaparumliterae
922 3810 1031 3882 studet,
1048 3830 1117 3870 con·
1146 3810 1284 3871 manibus
1299 3809 1417 3871 meidue
1432 3814 1511 3870 esset
1525 3812 1675 3874 terendus.
1704 3811 1786 3870 Idem

477 3904 610 3960 sectatus
620 3919 724 3960 sensus
737 3901 879 3977 mysticos
895 3917 927 3958 ac
943 3898 1118 3978 allegoricos
1146 3901 1264 3959 dicetur
1279 3900 1316 3959 de
1331 3901 1395 3976 ejus
1405 3895 1786 3984 (400)capitibusdacori·

475 3989 554 4068 (855
569 3988 698 4072 ·—871);
721 3992 864 4049 orationis
879 3990 1038 4049 dominicae
1054 3989 1117 4048 bre·
1147 3998 1204 4048 tote
1219 3984 1454 4071 (959—1080).
1471 4023 1514 4034 --
1537 3989 1639 4066 Capita
1660 3989 1788 4048 ducenta

477 4083 521 4138 cis
536 4081 674 4156 copositio
688 4074 900 4160 (871-910),
916 4097 977 4154 qua
991 4078 1117 4137 domini·
1147 4081 1188 4138 cd
1212 4079 1379 4156 theologiam
1404 4078 1515 4156 Deiqus
1538 4079 1611 4137 Filii
1639 4079 1672 4136 iss
1701 4096 1789 4136 come

475 4187 528 4228 cos
544 4169 577 4226 in
592 4188 626 4227 ea
643 4186 748 4228 sensus
765 4173 795 4228 et
806 4167 957 4245 mysteria,
974 4171 1010 4226 ut
1026 4169 1118 4238 vocat,
1147 4162 1787 4249 dispensationcmspectantia(1083·llit),

479 4276 533 4316 seu
558 4263 739 4317 sacramenta
769 4257 893 4334 reliquis
925 4257 1059 4332 pleniora
1089 4258 1120 4314 et
1148 4253 1788 4338 quorumpluraeliiarcoasceta(cf.p.330)

477 4346 703 4417 universaliora,
726 4347 838 4421 quibus
868 4349 973 4405 nostra
997 4348 1121 4421 paretur
1147 4346 1268 4422 accepit.
1306 4345 1491 4405 Affinitatem
1522 4345 1577 4404 boc
1600 4364 1676 4422 opus
1699 4345 1790 4404 babet

479 4437 570 4507 salus,
587 4437 710 4512 septena
719 4454 852 4506 numero,
868 4435 1016 4510 exposuit.
1031 4436 1119 4494 Prae·
1148 4455 1217 4494 cum
1232 4453 1319 4510 opere
1334 4435 1372 4494 ad
1384 4431 1601 4513 Thalassium)
1617 4453 1709 4509 supra
1723 4434 1788 4493 lau·

475 4528 561 4584 teres
576 4523 741 4601 fragmenta
756 4524 881 4583 aliorum
893 4524 1072 4598 scriptorum
1089 4524 1121 4581 in

480 4632 503 4672 s,
520 4615 702 4692 Scripturam
718 4615 862 4691 leguntur
881 4613 913 4671 in
934 4612 1046 4672 catenis
1063 4613 1121 4671 sub
1189 4663 1208 4730 Ι)
1223 4658 1370 4728 Dialogiv
1377 4663 1396 4712 d
1396 4677 1410 4713 ι
1421 4659 1551 4712 mm
1568 4657 1789 4727 edjnperopffi

477 4703 689 4778 ejusnomine.
1150 4660 1787 4800 anisanasirusgnerixvnr,1115-

483 4845 495 4851 ·
507 4845 641 4852 --
1152 4807 1229 4865 1286,
1252 4802 1340 4855 etiam
1363 4802 1541 4856 Theodoreto
1563 4799 1713 4870 adscripti)
1731 4815 1789 4853 non

1151 4871 1241 4928 eunti
1263 4873 1330 4928 sius.
1442 4916 1444 4919 .

477 4945 612 5000 doctrina
626 4944 685 4998 We
695 4963 733 4998 rn
743 4962 781 4999 cr
793 4945 893 4999 Gesch.
906 4944 957 4998 der
970 4946 1044 5014 apol.
1063 4944 1123 4998 und
1188 4947 1208 5016 ²)
1249 4944 1277 4998 ic
1290 4943 1516 4998 Thalassius
1527 4943 1676 5013 presbyter
1687 4945 1750 4995 erat
1761 4943 1791 4996 st

481 5019 539 5088 pol.
554 5016 608 5070 Lit.
622 5016 729 5088 passim
742 5019 763 5072 t.
777 5016 809 5082 ll,
830 5017 998 5085 pracsertim
1019 5033 1047 5085 p.
1060 5022 1124 5071 404·
1151 5015 1190 5087 (il.
1204 5033 1227 5069 c.
1240 5018 1302 5089 650)
1315 5017 1403 5070 abhus
1416 5014 1565 5084 cujusdam
1584 5013 1617 5068 in
1630 5012 1791 5082 Lybiamo-

479 5088 658 5146 425213soh
672 5087 1124 5158 dieDogmengeschdesMittel-
1151 5087 1278 5151 casterii,
1298 5086 1349 5156 qui
1370 5085 1487 5156 collegit
1506 5085 1650 5140 centurias
1669 5085 1709 5137 IV
1730 5101 1792 5138 sen·

477 5160 576 5222 alters,
591 5159 676 5212 Wien
692 5163 759 5216 1873
772 5179 799 5230 p.
815 5165 927 5216 15-49.
1151 5159 1309 5212 tentiarum
1321 5161 1352 5213 dc
1364 5163 1483 5222 cur-itote,
1494 5161 1654 5214 aarum
1662 5167 1686 5211 et
1697 5160 1793 5211 menda
