4350 5934
376 624 437 677 701
957 604 1107 660 Aleuiuus.
1624 619 1685 672 702

375 790 579 851 lustrissimus
603 790 694 866 hujus
719 791 825 849 aetatis
850 790 1017 866 theologus,
1045 790 1174 866 negotiis
1184 788 1371 866 gravissimis
1381 788 1447 863 ejus
1462 788 1603 846 utebatur
1618 804 1689 845 con·

376 882 515 957 princeps
540 879 695 938 literarum
720 880 752 937 in
776 897 868 956 regno
892 879 1018 938 lbanco·
1047 878 1113 937 silio
1144 896 1259 937 necnon
1290 880 1321 935 et
1351 878 1471 935 calamo.
1506 876 1688 951 Praecipuus

375 989 444 1029 rum
460 972 651 1039 restaurator,
676 966 733 1037 ,fax
751 969 863 1036 seculi‘,
887 973 923 1028 ut
945 968 1017 1027 dici·
1047 967 1153 1026 merito
1169 966 1229 1026 dici
1245 966 1497 1042 potestcarolili
1513 965 1690 1024 administer

376 1058 645 1117 tursBaronio
662 1056 698 1115 ad
715 1077 739 1121 a.
758 1065 830 1127 802,
859 1057 1018 1132 multiplici
1046 1057 1078 1115 in
1104 1057 1302 1130 promovendo
1327 1055 1404 1113 bono
1428 1055 1547 1130 publico
1579 1054 1612 1112 in
1641 1057 1688 1113 tot

375 1148 467 1207 titulo
484 1166 500 1207 a
515 1147 602 1207 nobis
618 1146 892 1206 commemorandus
909 1150 939 1205 et
955 1147 1018 1205 lau·
1046 1146 1207 1220 provinciis
1229 1144 1312 1203 illius
1329 1143 1453 1220 imperio
1468 1143 1611 1219 subjectis
1627 1146 1689 1201 tum

376 1238 503 1296 dandus.
535 1236 633 1295 Natus
659 1240 704 1294 est
728 1236 874 1295 alcuinus
898 1232 1018 1316 (cogno-
1047 1234 1080 1292 in
1096 1234 1200 1292 ordine
1215 1234 1355 1310 religioso
1369 1232 1609 1307 quamliteraric.
1633 1229 1688 1290 ue-

373 1327 509 1385 minatus
525 1326 603 1385 inter
612 1325 772 1384 familiares
789 1326 874 1384 sulae
889 1329 920 1383 et
935 1325 1018 1384 sobo·
1047 1322 1104 1381 diit
1126 1322 1311 1399 aliquamdiu
1333 1323 1365 1380 iu
1387 1322 1526 1398 Angliam
1547 1316 1623 1401 (789
1641 1322 1690 1379 vel

376 1418 422 1475 lae
432 1416 530 1493 regiae
541 1415 725 1488 Flaccus),
738 1414 933 1491 nobilistirpe
941 1414 1017 1471 libo-
1048 1406 1135 1494 teo),
1147 1432 1206 1488 qua
1215 1411 1493 1470 occasionenomine
1504 1411 1599 1470 Caroli
1608 1409 1689 1487 regis

375 1505 436 1564 raei
453 1504 486 1562 in
502 1503 611 1581 Anglia
626 1520 649 1562 c.
666 1522 691 1561 a.
703 1512 775 1567 735.
799 1504 824 1561 Α
841 1504 971 1578 pueritia
986 1503 1018 1561 in
1046 1502 1189 1559 tractavit
1205 1519 1272 1559 cum
1285 1500 1349 1559 Offa
1358 1500 1534 1559 Marciorum
1550 1518 1620 1576 rege
1636 1518 1688 1558 nc·

375 1594 558 1653 monasterio
573 1593 717 1651 educatus
734 1592 862 1652 scholam
878 1593 1017 1667 frequen·
1046 1590 1129 1667 gotia
1143 1590 1273 1666 politica.
1297 1590 1461 1648 Revocatus
1472 1588 1567 1649 Caroli
1578 1590 1688 1648 iterum

376 1683 453 1742 tavit
463 1682 586 1759 ilgberti
602 1684 705 1758 postea
720 1681 931 1757 archiepiscopi
947 1682 1017 1741 ebo·
1047 1698 1077 1739 se
1093 1682 1191 1737 totum
1206 1678 1321 1737 addixit
1330 1678 1474 1753 obsequio
1485 1674 1587 1760 (793),
1604 1696 1689 1754 prae·

375 1772 506 1831 recensis
529 1768 559 1849 (†
582 1764 669 1851 766).
703 1770 875 1845 Discipulos
898 1774 963 1830 erat
986 1771 1019 1828 in
1046 1769 1150 1828 sertim
1160 1769 1193 1827 iu
1201 1767 1331 1845 negotiis
1340 1767 1556 1839 ecclesiasticis,
1572 1770 1690 1826 contro

377 1860 482 1936 primis
504 1860 648 1931 delberti,
672 1878 760 1935 quem
783 1860 904 1919 Romam
929 1859 1018 1935 profi·
1047 1858 1154 1916 versiis
1170 1857 1249 1930 fidei,
1275 1856 1484 1916 reformatione
1508 1857 1588 1927 cleri,
1612 1856 1688 1914 chri·

379 1950 534 2010 cissentem
550 1949 710 2008 comitatus
732 1952 785 2011 est.
817 1950 846 2007 Is
870 1968 937 2008 cum
959 1949 1017 2026 Eg·
1046 1947 1143 2005 stiana
1158 1945 1263 2022 populi
1284 1945 1484 2009 institutione,
1515 1945 1583 2005 Jam
1606 1963 1690 2003 sena·

378 2040 462 2098 berto
479 2040 511 2097 iu
534 2039 588 2097 illa
607 2038 800 2097 successisset
815 2038 893 2113 sede,
917 2038 1017 2097 Alcai-
1046 2054 1131 2096 scens
1148 2036 1237 2111 petiit
1252 2035 1289 2093 ab
1305 2035 1375 2094 aula
1397 2035 1578 2105 missionem,
1601 2053 1689 2109 quam

377 2146 450 2187 uum
473 2128 505 2186 in
528 2126 657 2204 regenda
679 2128 779 2186 schola
795 2130 825 2185 et
840 2126 1019 2187 bibliotheca
1046 2144 1097 2184 rer
1112 2144 1200 2202 aegre
1216 2124 1335 2183 demum
1351 2124 1504 2183 concessit.
1528 2123 1605 2182 Eum
1620 2141 1689 2182 con-

378 2217 435 2277 sibi
466 2216 635 2279 substituit
677 2215 796 2275 Vestem
827 2215 965 2275 induerat
996 2235 1018 2275 s.
1047 2215 1149 2273 stituit
1178 2214 1314 2273 abbatem
1345 2213 1517 2271 monasterii
1557 2232 1580 2271 a.
1611 2212 1688 2270 llar-

375 2305 540 2377 Beuedicti,
556 2306 608 2365 sed
619 2305 752 2364 ordinem
764 2305 923 2364 diaconatu
933 2306 1019 2365 altio·
1047 2304 1104 2362 tini
1114 2300 1205 2385 (tce)
1216 2304 1341 2371 Tutore,
1353 2302 1406 2360 ubi
1415 2302 1534 2377 aperuit
1549 2302 1688 2369 scholam,

374 2414 440 2453 rem
463 2414 617 2469 nunquam
640 2395 762 2469 accepit.
799 2395 846 2452 Ab
868 2394 1019 2453 Eanbaldo
1047 2412 1124 2468 quae
1139 2411 1206 2450 nior
1229 2391 1371 2450 inclaruit
1380 2388 1401 2472 ¹)
1425 2394 1454 2449 et
1477 2390 1689 2449 monasterium

376 2484 511 2543 delberti
522 2501 689 2542 successore
699 2483 821 2541 Romam
839 2485 886 2541 est
911 2483 1019 2542 missus
1047 2482 1229 2545 reformavit,
1251 2482 1309 2539 Pro
1319 2480 1504 2548 monasterie,
1520 2479 1600 2555 quod
1611 2479 1689 2537 aedi·

376 2590 432 2647 pro
449 2572 609 2631 obtinendo
624 2572 715 2647 pallio
733 2568 832 2651 (780).
864 2574 900 2631 ln
921 2572 1020 2631 reditu
1048 2572 1188 2629 ficaverat
1208 2573 1239 2628 et
1262 2569 1310 2628 cui
1333 2573 1379 2627 est
1403 2587 1511 2627 nomen
1534 2568 1690 2627 Cormarici

377 2662 499 2721 Parmae
516 2663 644 2721 occurrit
654 2660 756 2719 Garolo
766 2662 813 2731 Μ.,
831 2661 883 2735 qui
900 2661 1020 2720 eumad
1047 2654 1244 2742 (Germanus)
1259 2658 1364 2717 obnixe
1382 2658 1547 2731 postulavit
1562 2678 1579 2715 a
1595 2676 1617 2719 a.
1633 2660 1689 2715 Be·

377 2768 465 2808 suam
474 2750 615 2809 inritavit
631 2751 730 2808 aulam
746 2770 800 2825 pro
818 2750 1020 2809 restaurandis
1048 2749 1167 2807 uedicto
1178 2749 1284 2806 abbate
1295 2748 1449 2805 ananiensi
1462 2747 1520 2805 sibi
1531 2747 1689 2806 monachos

377 2838 490 2913 ubique
506 2857 558 2913 per
573 2857 657 2899 suam
667 2838 815 2898 ditionem
826 2840 935 2899 studiis
951 2841 1020 2898 lite·
1048 2837 1122 2907 dari,
1146 2838 1194 2895 cui
1216 2856 1283 2895 curn
1307 2855 1372 2900 ven,
1388 2839 1472 2910 pater
1488 2836 1626 2910 protinus
1642 2854 1689 2893 as-

376 2926 473 2986 turiis.
506 2926 599 2987 Venia
622 2948 639 2987 a
662 2946 717 2988 suo
733 2928 952 3005 archiepiscopo
969 2930 1020 2987 ob·
1048 2946 1168 2985 sensum
1182 2925 1379 3001 praebuisset,
1399 2924 1507 3000 viginti
1522 2942 1589 2982 cum
1606 2943 1689 2999 prae·

375 3019 461 3075 tenta
473 3035 542 3077 cum
552 3019 681 3093 quatuor
691 3017 753 3076 suis
763 3016 918 3092 discipulis
929 3018 1019 3088 Wiao,
1047 3016 1107 3075 loto
1131 3016 1190 3073 sibi
1211 3014 1354 3090 magistro
1374 3013 1472 3071 misit:
1498 3012 1536 3070 ad
1560 3029 1689 3088 quorum

376 3105 545 3183 Fridugiso,
570 3106 623 3181 qui
645 3106 742 3165 factus
765 3109 812 3165 est
827 3108 1019 3166 cancellarius
1048 3106 1161 3164 bonum
1169 3102 1399 3162 conversationis
1407 3101 1574 3176 exemplum
1583 3120 1690 3178 magna

376 3196 495 3271 imperii
512 3190 724 3276 (ers-832),
741 3195 865 3271 Sigulfo,
882 3196 935 3272 qui
952 3214 1018 3254 suc·
1047 3197 1263 3270 estaggregata
1270 3185 1691 3272 multitudomonacborumi).

372 3284 466 3342 cessit
482 3283 608 3343 Aleuiuo
631 3284 662 3343 in
685 3284 830 3361 regimine
847 3284 1019 3343 monasterii
1049 3332 1209 3341 ..—

377 3374 562 3431 terrariensis
579 3368 763 3455 (Ferrieres),
787 3376 818 3432 et
835 3374 945 3445 Osulfo,
968 3373 1020 3448 qui
1047 3401 1210 3471 (792-804)
1225 3397 1428 3457 pacasium
1443 3395 1613 3467 pridugiflu,
1627 3397 1691 3449 Na.

377 3463 589 3536 exspectationi
603 3462 741 3538 magistri
758 3464 805 3520 sui
821 3482 880 3521 nou
896 3482 1018 3539 respon·
1048 3471 1214 3534 thanael,
1227 3472 1306 3523 mco
1316 3468 1549 3539 archiepiscopus
1559 3466 1692 3522 salisbur-

377 3551 431 3621 dit,
463 3553 495 3609 in
518 3551 695 3626 obsequium
719 3552 840 3609 transiit
863 3553 959 3611 Caroli
982 3554 1018 3611 ll.
1047 3540 1143 3613 gemit
1157 3545 1256 3614 (1821)
1271 3540 1421 3609 Aqullsts
1442 3539 1693 3610 Sigulfusl'elu·

379 3638 481 3719 ccl·
500 3640 552 3714 rui
569 3659 638 3698 eum
654 3640 796 3716 praefecit
811 3641 926 3700 able
939 3642 1019 3741 paa-
1047 3610 1692 3746 satistrictissistus

378 3728 468 3828 tinae,
491 3730 522 3787 in
546 3748 605 3804 qua
624 3729 855 3789 instituerentur
871 3730 1019 3805 princrpes
1047 3740 1250 3825 cjuacogna'ta
1263 3753 1419 3808 Eulalia
1432 3758 1484 3807 ete,
1499 3754 1540 3813 pf·
1555 3752 1624 3807 001,
1634 3754 1691 3807 ep,

374 3819 605 3893 juventutisque
629 3818 690 3876 flos.
724 3818 862 3878 Primarii
878 3819 1020 3894 discipuli
1048 3828 1083 3881 da
1096 3826 1243 3880 academia
1256 3826 1351 3881 [tiroli
1363 3826 1410 3886 M..
1429 3824 1526 3895 Progr.
1550 3824 1694 3894 gymnasii

378 3913 409 3964 et
424 3907 543 3966 Alcuini
559 3907 719 3965 familiares
735 3909 957 3967 constituebant
973 3928 1020 3966 co·
1049 3898 1177 3968 aqulflgf·
1195 3902 1270 3953 ¹847·

379 4014 481 4054 ronam
504 3998 551 4054 vel
574 3996 754 4054 academiam
777 3998 937 4055 literarium
972 3999 1019 4055 cui
1063 3973 1106 4049 ,¹¹³
1121 3968 1265 4033 Quantum
1282 3969 1374 4050 'etiam
1394 3968 1508 4023 'rumne
1528 3968 1635 4035 ‘legem
1657 3966 1691 4019 de

940 4043 946 4098 3
1048 4041 1198 4094 literarum
1212 4040 1308 4094 studio
1321 4040 1430 4107 ubique
1443 4038 1638 4109 promovendo
1652 4037 1692 4089 la·

378 4085 544 4185 interimi
564 4084 621 4160 ll)Si
638 4085 724 4187 11ῑῇ189
739 4086 837 4161 regiae
854 4086 1019 4186 principes}
1048 4112 1203 4175 boraverit,
1216 4111 1380 4181 colligimus
1393 4126 1427 4164 ex
1440 4110 1501 4178 ejus
1514 4109 1551 4162 ad
1562 4108 1693 4162 Carolum

379 4192 439 4232 uno
455 4194 519 4249 ipse
537 4192 598 4242 rex,
621 4193 674 4247 qur
697 4193 765 4231 eum
783 4178 918 4249 suspexit
934 4194 1020 4249 quasi
1048 4182 1085 4235 M.
1100 4200 1145 4253 ep.
1159 4187 1230 4253 (78):
1245 4182 1322 4251 ,Ego
1337 4198 1403 4235 vero
1417 4180 1535 4235 Flaccus
1547 4183 1641 4233 vester
1653 4196 1693 4233 se·

379 4264 557 4339 magistrum
566 4268 596 4321 et
603 4262 640 4321 ab
648 4282 682 4321 eo
690 4263 786 4321 voluit
793 4263 823 4321 in
832 4265 947 4321 artibus
958 4283 1019 4322 om.
1049 4255 1176 4309 cundum
1188 4251 1414 4308 exhortationem
1435 4254 1464 4305 et
1477 4254 1582 4306 bonam
1595 4252 1694 4305 volun·

379 4351 1019 4421 uibusliberalibusinitiari,hinceumsuum
1049 4329 1139 4378 tatem
1152 4328 1276 4378 mmm
1297 4325 1369 4405 ³¹¹¹?
1381 4341 1432 4394 per
1452 4326 1527 4377 tem
1540 4322 1693 4404 &Mamm

1049 4396 1693 4465 sanctarummellaScnpturarurumrnrstrarc

380 4444 555 4539 ”ffaglstmm
592 4440 784 4509 ’dell0l08um‘
823 4442 1019 4516 0ΟΠῘῙΜᾸῙΒΜ
1050 4471 1160 4538 satago,
1172 4467 1244 4521 alios
1258 4470 1353 4521 vetere
1366 4468 1553 4534 antiquarum
1566 4465 1692 4536 discipli-

381 4529 476 4588 erdem
487 4528 589 4587 adesse
605 4549 662 4587 non
680 4533 726 4587 est
742 4530 919 4607 dedignatus
930 4530 961 4612 ¹).
987 4532 1022 4589 ln
1049 4557 1152 4593 narum
1165 4556 1242 4595 mero
1249 4539 1391 4592 inebriare
1399 4539 1509 4603 studeo,
1521 4538 1592 4591 alios
1602 4553 1693 4607 gram-

1049 4611 1172 4665 maticae
1186 4610 1356 4665 subtilitatis
1370 4609 1497 4664 enutrirc
1518 4609 1611 4679 pomis
1625 4607 1693 4661 inci·

421 4686 438 4752 ¹)
453 4681 485 4734 ln
499 4698 532 4735 ea
545 4699 573 4734 se
594 4686 694 4737 mutuo
710 4686 836 4737 veterum
858 4682 1023 4738 norninibus
1050 4682 1137 4753 piam.
1152 4682 1291 4749 quosdam
1312 4681 1459 4736 stellarum
1481 4680 1580 4734 ordine
1595 4712 1626 4719 —
1642 4695 1693 4732 eeu

380 4753 600 4822 compellabant.
626 4756 688 4823 lpse
714 4770 761 4808 rex
788 4754 882 4808 dictus
902 4756 945 4807 cst
964 4755 1023 4807 Da·
1051 4755 1144 4824 pictor
1167 4754 1288 4807 cuilibet
1309 4753 1492 4822 magnilica-rc
1514 4752 1616 4803 domus
1637 4752 1694 4804 cul-

381 4823 452 4879 vid.
467 4825 572 4878 Alcuin
594 4825 760 4889 Flaccus,
783 4825 910 4881 Einhard
924 4825 1023 4879 Bese-
1051 4826 1130 4878 minc
1143 4824 1357 4879 -illuminare
1371 4824 1471 4893 gestio,
1491 4822 1618 4892 plurima
1631 4822 1693 4889 plu-

379 4894 462 4961 leel,
488 4894 618 4949 Riculfus
643 4897 849 4959 Damoetas,
881 4897 1023 4950 Bcorurad
1051 4896 1246 4959 rimisfactus,
1268 4899 1301 4948 ut
1320 4895 1459 4965 plurimos
1479 4894 1515 4945 ad
1534 4895 1694 4963 protectum

381 4970 547 5020 senonensis
573 4968 730 5029 Samuel,
755 4969 939 5039 ingilbertus
962 4969 1023 5021 Ho-
1052 4971 1166 5021 sanctae
1180 4967 1231 5020 Dei
1247 4966 1388 5021 Ecclesiae
1408 4971 1437 5018 et
1450 4966 1486 5017 ad
1499 4965 1630 5018 decorem
1645 4965 1694 5017 im-

380 5056 409 5088 m
418 5052 432 5089 c
441 5055 455 5089 r
464 5057 481 5091 u
491 5057 511 5101 s,
533 5039 677 5094 sindulfus
698 5040 725 5092 M
735 5054 749 5092 c
759 5060 800 5095 no
809 5043 818 5096 l
827 5057 841 5094 o
850 5058 865 5092 a
875 5060 895 5103 s,
917 5040 1024 5109 liegin-
1052 5040 1167 5110 periclis
1180 5039 1263 5107 regni
1276 5038 1363 5090 vestri
1377 5037 1514 5090 erudiam.

380 5107 474 5162 fridus
505 5110 674 5178 Thyrsis,
706 5112 787 5165 Wizo
820 5112 1022 5173 Candidus,
1091 5112 1390 5163 ²lltanarratilrdo
1414 5126 1462 5161 seu
1476 5106 1695 5175 Sinaragdusin

381 5178 628 5235 Richohodus
668 5182 819 5253 episcopus
860 5182 1024 5236 trevirensis
1051 5182 1108 5236 vici
1127 5202 1147 5234 s.
1162 5180 1309 5235 Benedicti
1322 5182 1367 5234 ab.
1382 5196 1466 5232 anan.
1479 5198 1507 5231 n.
1521 5185 1563 5234 36.
