4350 5934
530 620 590 675 795
1008 607 1159 659 ssi-90⁰.
1175 602 1310 658 Rubanus
1775 624 1834 678 795

526 789 606 865 nus).
633 791 712 849 Puer
721 789 932 865 amplexussst
947 786 979 847 in
989 788 1169 847 monasterio
1196 788 1228 847 in
1253 808 1299 864 ep.
1325 788 1463 866 synodali
1486 790 1525 849 ad
1550 791 1744 851 ilincmarum
1766 810 1836 851 rem.

527 880 659 939 fuldensi
669 879 761 938 vitam
771 878 965 937 monasticam
975 880 1006 935 et
1015 877 1052 936 ab
1062 876 1169 935 abbate
1197 874 1338 957 (iligna
1361 878 1448 947 exn.
1477 876 1591 961 1575):
1624 880 1727 950 ,Quod
1753 899 1836 957 prae·

528 968 667 1047 Ratgario
687 968 797 1027 missus
820 970 866 1026 eat
889 965 1013 1027 ineunte
1035 966 1091 1025 boc
1112 983 1169 1025 sec.
1197 966 1360 1027 destinatio
1376 968 1454 1027 sicut
1469 968 1502 1028 in
1524 970 1603 1028 bono
1625 970 1668 1028 ait
1688 972 1732 1029 ita
1753 972 1787 1029 et
1806 971 1837 1029 in

526 1062 565 1117 ut
600 1057 695 1135 magis
733 1056 916 1116 excoleretur
947 1055 1097 1115 Turonem
1132 1055 1168 1113 ad
1197 1055 1290 1115 malo:
1310 1057 1432 1117 attalae
1448 1057 1558 1117 sintin
1573 1059 1628 1117 boe
1643 1059 1755 1119 mundo
1771 1058 1837 1133 qui·

527 1148 698 1207 Alcuiuum.
729 1145 832 1205 Redux
855 1145 888 1203 in
910 1145 1037 1218 patriam
1061 1143 1169 1203 scholis
1197 1144 1273 1214 dam,
1306 1146 1360 1221 qui
1389 1150 1513 1224 propter
1535 1147 1836 1223 praedestinationem

525 1240 574 1295 est
589 1236 765 1312 preelectus,
789 1252 863 1311 quas
886 1233 925 1293 ad
937 1252 1082 1311 magnum
1099 1251 1167 1307 pro-
1199 1233 1259 1299 llci.
1275 1252 1353 1310 quae
1367 1239 1515 1313 eoscogat
1529 1236 1697 1295 inmortem
1707 1237 1762 1307 ire,
1779 1256 1838 1296 non

525 1327 621 1385 movit
635 1324 752 1385 florem:
770 1344 796 1383 a.
813 1333 876 1387 814
894 1322 1030 1382 sacerdos
1047 1321 1168 1381 ordine·
1196 1322 1313 1398 possint
1333 1323 1371 1383 ab
1392 1342 1492 1383 errore
1513 1328 1544 1384 et
1563 1330 1683 1401 peccalo
1699 1346 1731 1386 ce
1746 1326 1837 1386 corri-

526 1418 585 1476 tua.
611 1415 684 1474 Post
699 1418 825 1474 mortem
839 1412 946 1490 Eigilis
963 1410 1078 1471 abbatis
1094 1410 1169 1471 elec·
1196 1420 1296 1488 gere‘
1306 1408 1406 1493 (848).
1422 1412 1659 1474 Prudentissime
1670 1415 1749 1474 rexit
1755 1434 1838 1474 suem

524 1506 577 1567 tus
602 1503 667 1579 ipse
692 1506 739 1563 est
763 1522 788 1561 c.
815 1510 877 1565 822
906 1502 938 1560 in
963 1518 1168 1561 successorem
1196 1500 1367 1561 eeclesiam:
1391 1502 1460 1561 bino
1474 1522 1584 1579 magne
1598 1504 1664 1578 ejus
1679 1503 1762 1581 apud
1776 1522 1838 1563 om·

527 1593 695 1651 Plurimum
711 1592 767 1653 snb
783 1608 817 1650 eo
840 1590 1018 1649 monasticae
1034 1589 1168 1665 discipli·
1196 1607 1249 1648 nes
1264 1590 1436 1653 auctoritas.
1462 1592 1579 1651 Effusae
1587 1592 1749 1652 admodum
1764 1592 1838 1652 libe-

526 1700 582 1740 nse
592 1681 720 1740 increvit
729 1679 864 1739 studium
875 1678 1029 1742 interito
1044 1677 1167 1749 sodales,
1197 1678 1326 1737 ralitatis
1350 1681 1415 1738 erat
1438 1698 1509 1757 erga
1529 1700 1684 1757 pauperes,
1708 1700 1838 1757 quorum

525 1790 595 1829 nam
617 1773 662 1829 toi
685 1772 750 1847 ejus
773 1774 906 1845 tempore
925 1768 1168 1837 numerabantur,
1196 1766 1282 1826 lamis
1298 1771 1431 1844 tempore
1445 1770 1640 1829 trecentoade
1652 1770 1780 1830 diversis
1796 1771 1837 1829 lo-

527 1861 692 1919 floruerant
706 1862 736 1918 et
751 1858 855 1918 literae
862 1854 896 1939 ¹).
927 1858 1091 1933 Postquam
1104 1874 1168 1915 mo·
1196 1856 1239 1915 eis
1254 1857 1408 1916 venientes
1418 1858 1555 1934 quotidie
1564 1858 1706 1918 alimento
1716 1864 1836 1919 susten·

525 1950 690 2007 casterium
721 1967 746 2007 a.
779 1957 819 2010 20
856 1946 1004 2023 praeclare
1034 1944 1168 2016 rexisset,
1196 1945 1281 2004 labat
1295 1952 1413 2023 praeter
1426 1965 1485 2018 eos,
1509 1947 1561 2022 qui
1582 1948 1771 2023 juvabantur
1792 1967 1838 2007 aa·

527 2038 637 2097 mullas
649 2036 787 2097 eeclesias
798 2035 988 2107 condidisset,
1005 2030 1166 2095 bibliolhs·
1196 2032 1291 2094 sidus.
1322 2034 1456 2095 Decessit
1479 2048 1507 2097 4.
1529 2035 1614 2099 Febr.
1638 2047 1701 2101 856
1728 2038 1836 2097 aetalia

526 2144 589 2185 cam
605 2126 745 2203 pluribus
761 2124 888 2185 ditasset
903 2125 999 2194 libris,
1025 2122 1168 2182 abbatiali
1196 2122 1257 2182 sere
1272 2143 1298 2182 a.
1316 2132 1374 2196 '103
1396 2144 1415 2183 a
1435 2124 1639 2184 Bollandisnis
1655 2130 1687 2185 et
1701 2126 1838 2186 biabillo-

524 2215 668 2294 dignitati
685 2234 712 2274 a.
730 2224 792 2277 842
818 2214 900 2273 ultro
923 2213 1021 2285 cessit,
1046 2230 1106 2288 quo
1129 2229 1168 2273 ss.
1196 2212 1247 2271 nio
1271 2213 1383 2272 Beati
1405 2212 1496 2273 titulo
1519 2213 1697 2273 honoretur:
1720 2216 1837 2293 magnis

526 2304 684 2363 literarum
695 2303 805 2380 studiis
815 2302 938 2363 liberius
949 2320 1051 2362 vacare
1061 2303 1169 2377 posset.
1196 2302 1339 2361 encomiis
1355 2302 1392 2362 ab
1407 2301 1583 2378 aequalibus
1603 2306 1635 2362 at
1649 2306 1779 2380 posteris
1793 2324 1838 2364 ee·

527 2392 789 2468 ,Quotiescunque
804 2392 884 2451 enim
901 2411 918 2450 a
932 2390 1012 2450 curis
1029 2389 1168 2449 seculari·
1196 2390 1329 2449 lebratur
1336 2387 1368 2473 ¹).

525 2483 591 2553 bus,
616 2500 700 2556 quas,
727 2486 817 2556 prout
841 2480 985 2556 possibile
1007 2482 1079 2547 erat.
1104 2482 1168 2538 toto

525 2571 596 2631 nisu
620 2571 795 2641 declinabat,
821 2569 899 2629 liber
924 2588 988 2629 esse
1012 2568 1167 2645 permitte·
1242 2568 1472 2632 mellariae
1492 2571 1616 2648 reliquit
1639 2588 1736 2646 opera,
1762 2590 1838 2647 quas

526 2660 623 2731 batur,
647 2662 700 2719 aut
721 2660 797 2719 alios
816 2659 908 2718 sacris
924 2658 1021 2717 literis
1037 2658 1167 2716 instrue·
1195 2656 1370 2732 prodierunt
1384 2658 1506 2718 collecta
1526 2680 1562 2719 ex
1583 2660 1699 2719 schedis
1714 2660 1838 2719 Pemelii

526 2750 586 2820 bat,
603 2754 655 2807 aut
671 2748 704 2808 in
714 2748 840 2826 legendo
850 2748 898 2807 vel
908 2746 1045 2806 dictando
1057 2745 1168 2805 divinis
1196 2746 1364 2823 curaGreg.
1380 2747 1587 2808 colvenerii
1602 2750 1741 2809 Coloniae
1753 2760 1835 2813 1626

525 2838 689 2913 Scripturis
706 2838 898 2914 semetipsum
920 2836 1091 2910 pascebat‘
1120 2834 1169 2893 Ita
1195 2838 1217 2893 t
1235 2846 1252 2897 6
1270 2834 1302 2893 iu
1318 2836 1354 2906 f.;
1377 2836 1477 2913 iligna
1492 2842 1514 2901 t
1530 2836 1740 2908 OVlI—(leI,
1763 2851 1836 2915 qno·

526 2926 755 3003 liudolphus
776 2926 1006 3003 inejusvitac.
1024 2934 1052 2988 5.
1082 2924 1166 2983 Tri·
1195 2943 1261 2983 rum
1292 2925 1451 3001 praecipua
1489 2926 1652 2986 secundum
1685 2928 1763 2987 hanc
1792 2927 1837 2988 ed.

525 3016 695 3075 themius
711 3034 780 3075 vero
798 3016 833 3075 de
849 3014 877 3075 S.
894 3014 926 3074 u.
941 3035 970 3074 n.
982 3024 1044 3077 267
1063 3014 1107 3073 ita
1121 3032 1167 3071 re·
1196 3014 1282 3071 sunt:
1299 3013 1343 3072 Dc
1356 3015 1492 3074 laudibus
1505 3018 1637 3077 s.crucis
1651 3016 1732 3088 llll,
1747 3035 1835 3085 ,eru-

525 3104 598 3165 fert:
623 3104 781 3176 ,Offensus
800 3103 994 3179 improbitate
1009 3102 1166 3161 monacho·
1196 3101 1318 3173 ditione,
1326 3122 1414 3162 versu
1422 3123 1569 3181 prosaque
1581 3104 1783 3182 mirificizqno
1790 3124 1834 3181 op.

524 3213 593 3252 rum
603 3212 734 3265 suorum,
751 3194 803 3268 qui
814 3212 883 3253 eum
893 3193 1031 3252 dicebant
1041 3191 1167 3251 nimium
1195 3190 1301 3266 figuris
1317 3191 1381 3250 sive
1395 3192 1578 3270 imaginibus
1595 3202 1636 3257 28
1657 3194 1754 3253 multa
1769 3194 1836 3253 fidei

527 3284 685 3358 scripturis
708 3283 858 3342 intentum
879 3281 1055 3358 temporalia
1071 3280 1165 3357 negli·
1196 3279 1374 3339 christianae
1403 3282 1562 3358 mysteria,
1594 3283 1684 3341 multi
1716 3283 1835 3360 mystici

523 3390 603 3449 gere,
627 3374 734 3448 agente
750 3372 781 3429 id
798 3372 830 3430 in
848 3372 893 3431 eis
909 3370 1037 3439 diabalo,
1062 3369 1168 3445 displi·
1195 3369 1326 3427 numeri:
1346 3371 1531 3447 angelorum,
1548 3372 1705 3439 virtutum,
1722 3375 1835 3448 septam

524 3462 652 3520 centiam
669 3464 772 3520 eontra
787 3479 855 3520 eum
872 3463 1058 3535 acceperunt,
1082 3477 1167 3517 arean-
1196 3458 1518 3534 donorumspirituss.
1529 3464 1595 3520 octo
1604 3460 1834 3530 beatitudinum,

526 3550 645 3609 delicati
661 3550 693 3608 in
716 3568 759 3622 eo,
783 3568 843 3625 quo
860 3550 986 3609 maxime
1002 3548 1168 3607 debuerant
1195 3552 1324 3622 quatuor
1348 3547 1572 3618 elementorum,
1603 3554 1737 3625 quatuor
1761 3554 1834 3626 tam·

525 3637 682 3697 aedificari.
709 3639 788 3698 Dana
804 3638 900 3715 igitur
915 3638 1011 3697 locum
1028 3638 1097 3705 irae,
1113 3655 1168 3696 nec
1195 3654 1301 3711 porum
1324 3638 1404 3706 anni,
1430 3643 1560 3712 quatuor
1583 3638 1834 3717 evangelistarum

526 3746 594 3785 eum
618 3727 744 3804 ingratis
768 3728 875 3786 ovibus
901 3727 1017 3787 diutius
1047 3745 1167 3785 manere
1194 3728 1226 3783 et
1241 3724 1329 3801 egui,
1344 3726 1501 3797 mensium,
1517 3733 1685 3799 ventorum,
1702 3728 1834 3804 quinque

526 3816 724 3885 consentiens,
757 3816 970 3875 monasterium
995 3824 1026 3875 et
1051 3815 1167 3874 babita-
1194 3813 1224 3871 ll.
1240 3813 1359 3890 Moysis,
1381 3815 1512 3875 nominis
1527 3816 1631 3887 Adam,
1654 3817 1788 3893 Alleluia
1805 3818 1835 3875 et

525 3908 605 3964 tores
621 3906 686 3981 ejus
697 3905 827 3964 deseruit
843 3950 850 3963 .
867 3950 874 3965 .
891 3951 897 3965 .
914 3904 1050 3965 Monscbi
1066 3908 1166 3964 autem
1195 3905 1298 3973 Amen,
1314 3904 1499 3980 aliarumque
1514 3923 1614 3965 rerum
1629 3905 1676 3965 vis
1691 3911 1723 3965 et
1737 3906 1833 3984 digni·

525 3994 711 4070 poenitentia
730 3993 813 4053 ducti
837 3994 1015 4071 legationem
1038 3993 1074 4052 ad
1098 4012 1166 4052 eum
1193 3994 1241 4051 tas
1257 3991 1420 4052 informem
1431 3994 1528 4052 crucis
1538 3993 1665 4065 redacta,
1682 3995 1834 4054 subtiliter

526 4084 680 4143 mittentes
696 4083 849 4160 rogabant,
874 4086 909 4142 ut
924 4084 1036 4142 rediret
1050 4082 1087 4141 ad
1104 4102 1167 4142 mo·
1194 4088 1225 4139 et
1240 4081 1589 4160 ingenioseexplioantur
1599 4081 1740 4164 (lligne
1750 4083 1832 4151 svn,

525 4173 699 4243 nestorium,
716 4172 769 4231 sed
779 4173 1078 4249 nonimpetrcrnnt.‘
1095 4172 1167 4231 Post
1199 4167 1415 4251 131l-294).‘
1443 4172 1491 4229 Ita
1505 4172 1538 4229 in
1553 4172 1750 4249 inscriptione
1766 4172 1832 4231 libri

525 4262 765 4338 quinquennium
781 4260 893 4321 electus
909 4265 956 4320 est
975 4261 1005 4319 iu
1022 4260 1166 4337 archispi·
1194 4259 1239 4320 ed.
1255 4259 1428 4319 colvenerii.
1459 4261 1560 4338 lingui
1575 4264 1687 4320 laetum
1702 4267 1748 4320 est
1762 4260 1832 4321 olim

526 4369 648 4426 scopum
661 4351 882 4427 moguntinum.
908 4350 979 4410 Tres
996 4350 1102 4409 habuit
1117 4368 1166 4426 ay·

524 4438 618 4499 nodos
635 4439 816 4517 Mogontiaco,
840 4441 872 4498 in
894 4458 1021 4515 quarum
1043 4458 1106 4498 una
1120 4456 1164 4497 re·
1216 4453 1251 4530 ⁸¹)
1277 4448 1319 4531 Oi.
1342 4452 1458 4531 praeter
1482 4450 1555 4504 alios
1579 4449 1832 4520 Ziegelbauar

513 4529 649 4605 'probata
664 4529 722 4587 luit
738 4528 935 4587 Gotteschalci
951 4527 988 4587 de
1002 4528 1166 4605 praedesti·
1192 4519 1260 4574 111⁸&
1273 4537 1315 4574 101
1328 4520 1402 4575 hier·
1411 4520 1477 4575 0·S·
1486 4520 1517 4573 Β·
1529 4520 1577 4578 111·
1590 4538 1614 4577 ⁰·
1628 4528 1727 4593 2531)-
1739 4526 1832 4578 dell:

1021 4617 1167 4693 66666
1194 4590 1831 4734 scissurus&secessus

1194 4734 1225 4787 in
1238 4736 1300 4804 ejus
1312 4733 1373 4788 vita
1393 4734 1432 4789 ib.
1446 4737 1585 4795 67-106;
1611 4734 1745 4788 Helela
1764 4736 1830 4789 Con·

565 4809 583 4879 ¹)
596 4805 638 4859 ΟΥ.
652 4806 769 4859 Turneu
783 4804 816 4859 R.
830 4805 955 4860 Maurus.
982 4804 1036 4858 Eia
1049 4805 1167 4875 Beitrag
1194 4805 1375 4874 ciliengesch.
1384 4808 1405 4858 t.
1415 4804 1790 4872 [vassas.:4ss;ffiatlit
1799 4805 1829 4864 V,

524 4876 1167 4948 aurGeschicbtederPildcgogrkdesMitlcl-
1199 4882 1352 4933 iol-2042
1384 4876 1573 4931 demler
1602 4876 1829 4931 Hrebsustudian

525 4948 861 5012 alterabllluohenlllllss:
876 4948 947 5003 Bur
981 4948 1167 5001 erHr.Mau-
1194 4948 1273 5003 Sitne
1316 4948 1387 5001 sbcr.
1401 4948 1451 5001 der
1463 4948 1490 5003 k.
1504 4966 1548 5018 pr.
1558 4948 1613 5001 Ala
1624 4948 1650 5003 d.
1662 4947 1828 5002 Wissenscb.

525 5038 575 5073 rus
588 5020 637 5073 des·
652 5019 817 5087 Begrilnder
830 5019 880 5073 der
893 4968 980 5073 thesi.
1001 5018 1124 5073 Studien
1135 5020 1167 5073 iu
1193 5038 1229 5073 zu
1243 5018 1298 5073 Ber
1310 5018 1340 5071 iu
1356 5026 1423 5076 1898
1436 5018 1463 5073 S.
1477 5026 1591 5075 24-42.
1617 5018 1658 5074 De
1671 5020 1732 5090 ejus
1747 5018 1828 5073 vitea

525 5090 719 5145 Deutscbland
733 5089 763 5143 in
777 5090 915 5147 Katholik
931 5096 998 5147 1902
1017 5091 1051 5155 ll,
1071 5098 1167 5152 51-69;
1195 5090 1358 5146 liudolfo
1380 5089 1521 5148 monacho
1535 5090 1661 5145 fuldensi
1672 5090 1828 5161 conscripta

528 5168 657 5222 las-135:
671 5163 705 5215 ol.
721 5162 910 5232 Knbpfler
923 5161 979 5215 Kb.
993 5161 1028 5227 X,
1042 5168 1167 5219 897-701.
1195 5162 1230 5215 cf.
1243 5162 1328 5215 inira.

525 4610 644 4677 natione
668 4617 811 4685 doctriua,
834 4637 924 4693 quam
954 4618 998 4676 ita
