4350 5934
505 662 566 717 123
960 646 1112 701 eas-400.
1125 646 1151 699 S.
1166 643 1350 699 Athanasius.
1748 660 1818 715 124

500 828 620 913 (narn.
641 841 690 902 11,
709 826 764 913 27)
780 833 885 890 eontra
900 829 1035 901 Arianos,
1062 830 1141 907 hag·
1169 832 1210 891 od
1220 832 1372 891 monoclroe
1382 835 1446 900 etc..
1462 830 1573 907 quibua
1585 829 1735 889 addentur
1745 831 1817 907 ejus

468 966 472 975 .
502 922 637 980 mentum
659 920 735 980 forte
758 922 806 979 est
829 919 929 995 operis
952 919 1083 996 majoris.¹
1098 953 1141 961 —
1169 920 1312 999 epistolae
1337 920 1458 981 testatae
1479 918 1589 996 jejunii
1615 919 1816 997 quadragesi-

500 1010 653 1070 Pretiosae
669 1026 722 1085 pro
734 1008 872 1085 dogmate
887 1008 923 1069 de
939 1007 1142 1073 incarnatione
1168 1009 1255 1069 malis
1271 1009 1395 1070 initium
1411 1013 1442 1069 et
1460 1008 1609 1086 paschatis
1624 1008 1704 1068 diem
1719 1009 1816 1069 code

502 1098 594 1159 Verbi
614 1102 686 1158 suut
708 1100 769 1157 tres
791 1098 927 1174 epistolae
950 1095 987 1179 (e.
1004 1115 1027 1161 c.
1046 1093 1141 1180 371):
1169 1098 1216 1178 gie
1226 1099 1291 1159 suis
1299 1099 1332 1158 in
1342 1098 1576 1177 singulosannoe
1584 1096 1816 1157 annunciantes.

500 1206 562 1247 uua
586 1188 625 1247 ad
649 1188 811 1265 Epictetum
833 1186 1053 1247 Corinthiorum
1077 1186 1142 1262 epi·
1170 1188 1281 1248 Textue
1296 1188 1452 1265 originalis
1468 1188 1528 1248 tere
1544 1186 1651 1262 periit:
1675 1190 1817 1264 repertae

501 1294 621 1355 scopum
638 1280 740 1337 contra
756 1276 919 1335 haereticos
938 1275 1139 1346 celeberrima,
1170 1278 1271 1354 plures
1288 1272 1358 1361 (15)
1373 1278 1456 1336 tuere
1474 1276 1579 1355 lingua
1601 1279 1718 1353 syriaca
1735 1279 1767 1336 et
1785 1296 1816 1337 a

499 1385 591 1443 qnam
621 1364 868 1442 Epiphanius
906 1364 1055 1442 integram
1086 1382 1141 1423 suo
1176 1375 1256 1431 1848
1273 1366 1603 1436 editaeatlnretou;
1627 1365 1660 1424 iu
1675 1366 1816 1444 liugnam

499 1456 585 1532 operi
599 1454 636 1514 de
656 1455 827 1513 haeresibus
844 1454 973 1514 inseruit
987 1452 1066 1517 haer.
1084 1463 1141 1520 ΤΗ
1170 1474 1271 1515 versae
1295 1455 1419 1515 latinam
1444 1456 1523 1532 apud
1547 1454 1619 1513 ilai
1644 1455 1731 1515 Nora
1755 1454 1815 1514 PP.

500 1544 596 1603 altera
612 1544 651 1603 cd
660 1544 833 1619 Adetptinnr
844 1562 889 1619 ep.
905 1542 1141 1603 etcoufessorem
1170 1545 1242 1604 bibl.
1260 1544 1298 1604 v1
1313 1565 1342 1621 p.
1362 1555 1394 1613 1;
1416 1544 1542 1621 Migne
1557 1542 1659 1615 xxvi,
1681 1552 1816 1607 1351—

500 1636 603 1693 contra
618 1631 754 1702 Arianos,
779 1634 811 1691 iu
834 1650 893 1709 qua
909 1632 973 1710 egit
987 1632 1023 1691 ds
1037 1630 1142 1690 adora·
1175 1641 1273 1700 1444:
1289 1652 1339 1693 eae
1355 1634 1503 1710 pretiosae
1519 1634 1591 1693 suut
1605 1649 1661 1709 pro
1676 1632 1816 1693 Arianis·

501 1722 583 1781 tione
599 1722 725 1791 Christi3
742 1721 887 1781 tertiaeet
899 1721 1061 1781 Maximum
1075 1720 1141 1796 plri-
1169 1722 1211 1782 mi
1227 1722 1358 1783 historia.

499 1806 690 1893 losoptnm1),
714 1811 825 1887 scripta
839 1810 915 1871 circa
939 1828 1051 1869 annum
1069 1818 1142 1873 371.

501 1934 544 1945 -
570 1900 652 1961 Libri
683 1900 742 1960 duo
780 1900 814 1958 de
844 1900 1043 1959 incarnatione
1072 1916 1143 1957 con·
1225 1910 1275 1965 64.
1306 1900 1352 1960 Ad
1384 1920 1408 1959 e.
1433 1900 1694 1977 Scripturam,
1725 1902 1816 1975 cujus

499 1994 549 2049 tra
579 1988 814 2065 Apollinarium,
854 1988 907 2065 qui
940 1988 967 2047 ei
1000 1988 1142 2047 hactenus
1170 1990 1340 2050 testimonia
1364 1990 1396 2048 in
1422 1989 1485 2050 suis
1501 1990 1641 2065 operibus
1657 1989 1815 2066 polemicis

500 2078 596 2138 tribui
606 2079 752 2150 solebant,
764 2078 852 2154 juxta
864 2077 1042 2138 recentiores
1058 2076 1142 2136 criti·
1169 2080 1298 2139 libenter
1313 2079 1423 2157 allegat
1445 2078 1665 2157 diligenterque
1680 2080 1814 2155 exponit,

499 2185 550 2226 cos
574 2168 668 2244 ipsius
690 2184 755 2226 esee
778 2186 838 2227 non
860 2166 1015 2237 videntum
1040 2166 1091 2225 sed
1115 2176 1141 2229 1.
1170 2168 1274 2229 referri
1290 2173 1442 2245 praeterea
1456 2168 1581 2228 debent:
1606 2168 1726 2246 egregie
1748 2168 1814 2245 epi·

503 2255 655 2333 Didymi
686 2256 769 2325 alex,
801 2258 877 2315 alter
906 2248 1140 2337 Ambrosii2)
1169 2256 1508 2318 etolaadllnrcellinum
1523 2257 1558 2315 de
1573 2258 1813 2334 interpretatione

499 2345 583 2415 alex,
602 2344 720 2421 Didymi
736 2344 885 2420 discipuli.
901 2380 945 2389 —
959 2344 1142 2404 Prodierunt
1166 2348 1360 2423 psalmorum,
1384 2365 1459 2423 quoe
1481 2346 1647 2423 plurimum
1661 2364 1814 2407 commen·

499 2434 623 2495 seorsim
640 2453 700 2493 cur.
718 2434 749 2492 P.
759 2434 795 2496 H.
812 2434 973 2510 Bentley
990 2479 996 2505 ,
1013 2432 1142 2494 bandini
1170 2436 1235 2505 dat;
1252 2436 1457 2496 commentarii
1473 2436 1505 2495 in
1520 2435 1623 2511 plures
1639 2454 1662 2497 s.
1673 2436 1812 2512 Scriptu-

505 2532 597 2587 ieet.
613 2556 657 2567 -
673 2523 827 2582 Accedunt
842 2523 943 2599 plures
959 2523 1055 2582 adhuc
1080 2523 1141 2599 epi·
1169 2545 1217 2585 rae
1227 2525 1269 2597 ll,
1284 2524 1814 2602 quitamenl'erepraeterfragmenta

501 2612 595 2672 stolae
610 2612 795 2689 dogmaticae
811 2608 942 2692 (praeter
959 2612 1022 2688 jam
1037 2612 1142 2671 lauda·
1168 2614 1201 2673 in
1238 2614 1351 2673 catenis
1389 2633 1476 2691 saepe
1507 2613 1598 2674 dubia
1628 2614 1813 2678 exciderunt.

497 2694 559 2783 tas)
578 2700 679 2778 magni
693 2702 844 2771 momenti,
865 2704 902 2758 ut
917 2719 962 2778 ep.
979 2702 1019 2760 od
1034 2701 1139 2760 Aretio·
1170 2703 1272 2763 Solum
1289 2705 1498 2784 expositionum
1513 2704 1545 2761 in
1555 2704 1687 2762 Paotnros
1702 2722 1813 2782 magna

500 2790 602 2849 rhenos
616 2790 654 2849 ab
669 2790 833 2849 Athanasio
848 2792 879 2848 et
894 2790 1008 2868 syuodo
1023 2790 1141 2848 aleran·
1169 2793 1284 2868 reliqna
1299 2796 1344 2852 eet
1361 2812 1439 2870 pars.
1472 2792 1614 2867 Sequitur
1636 2792 1669 2851 in
1690 2792 1729 2851 iis
1745 2792 1811 2869 ple-

498 2878 586 2938 drina
601 2879 670 2937 data
681 2875 782 2961 (362),
799 2879 835 2937 de
850 2879 1018 2955 receptione
1028 2897 1140 2947 eornm,
1169 2901 1295 2958 rumque
1312 2899 1433 2943 sensum
1456 2880 1643 2959 spiritualem
1668 2899 1722 2941 seu
1745 2902 1812 2960 my·

501 2968 553 3043 qni
576 2967 736 3027 Arianismi
759 2966 909 3028 erroribus
932 2971 1017 3028 erant
1039 2968 1143 3027 infecti
1169 2971 1287 3043 etloum,
1316 2971 1462 3030 literalem
1487 2972 1587 3030 nmen
1612 2988 1732 3030 sensum
1757 2990 1812 3047 ap·

493 3058 585 3134 juxta
608 3057 725 3117 decreta
748 3058 853 3135 synodi
876 3058 1083 3117 alexandrinae
1100 3052 1140 3139 (a.
1169 3060 1265 3136 prime
1281 3064 1311 3119 et
1326 3064 1412 3120 acute
1427 3060 1535 3137 tangit.
1551 3059 1684 3120 Protulit
1693 3060 1811 3119 nnn-

502 3144 589 3230 362),
613 3147 650 3207 de
672 3166 732 3223 qua
754 3148 845 3207 etiam
862 3147 925 3225 agit
940 3166 985 3222 ep.
1001 3147 1041 3205 od
1058 3146 1140 3219 nun·
1169 3148 1315 3208 tenelli
1330 3167 1365 3208 ex
1381 3150 1498 3208 dnobus
1513 3149 1595 3211 codd.
1610 3149 1700 3208 aliam
1715 3149 1812 3207 inter·

500 3238 641 3313 nionnm,·
666 3255 711 3313 ep.
728 3237 803 3295 duae
820 3237 860 3295 od
877 3236 1048 3309 Luciferum
1063 3236 1141 3294 cala·
1170 3238 1365 3314 pretationem
1381 3240 1570 3314 psalmorum,
1594 3257 1670 3314 quae
1692 3240 1812 3314 praeter

500 3324 641 3397 rhenum,
664 3325 823 3400 inquibus
848 3326 913 3401 ejus
934 3343 987 3402 pro
1013 3324 1069 3383 fide
1094 3342 1141 3383 ca·
1168 3327 1252 3385 tituli
1267 3328 1450 3403 psalmorum
1471 3326 1696 3403 explicationem
1718 3327 1811 3402 paulo

500 3414 609 3473 thelica
634 3416 736 3473 contra
760 3414 885 3473 Arianos
912 3414 1007 3474 zelum
1030 3414 1141 3472 collau·
1169 3415 1309 3475 fusiorem
1340 3416 1420 3475 haud
1450 3436 1515 3476 raro
1546 3416 1678 3476 innixam
1709 3416 1811 3476 verbis

498 3501 567 3571 dat;
590 3522 636 3577 sp.
659 3503 698 3560 od
720 3503 805 3575 afros
835 3506 989 3579 episcopos,
1013 3521 1072 3578 qua
1091 3520 1141 3561 eos
1169 3505 1314 3565 hebraicis
1330 3506 1408 3565 male
1422 3505 1593 3576 intellectis,
1609 3524 1670 3564 non
1684 3508 1732 3565 est
1746 3504 1811 3565 fere

500 3591 646 3661 hortatur,
673 3593 710 3651 ut
733 3589 792 3650 eibi
813 3592 850 3650 ab
868 3592 1046 3651 Ariauorum
1061 3592 1142 3651 frau-
1169 3594 1226 3654 nisi
1238 3596 1425 3671 paraphraeie
1440 3594 1527 3654 exilis
1538 3595 1727 3671 singulorum
1741 3613 1810 3654 ver-

498 3678 590 3739 dibus
629 3684 751 3739 caveant
789 3677 826 3759 (c.
867 3676 958 3761 369);
999 3680 1142 3758 epistolae
1170 3702 1259 3743 suum
1284 3684 1436 3743 simillima
1451 3684 1566 3761 glossae
1581 3680 1811 3764 interlineari1).

1169 3773 1288 3831 Nititur
1312 3773 1409 3833 editor
1432 3773 1523 3849 hujus
1553 3772 1812 3849 interpretationis

541 3848 617 3931 ’1,99,
633 3850 687 3904 ¹¹⁰⁰
707 3849 749 3903 111
769 3850 869 3933 mibi?
889 3850 1143 3932 Hieronymus
1169 3862 1811 3939 genuinitatemadmodumeruditacompro·

497 3922 535 3975 de
547 3939 597 3978 vir.
608 3922 648 3976 ill.
659 3940 682 3977 c.
696 3924 758 3979 127:
774 3922 818 3983 ,M
829 3941 932 3976 ixrrnue
943 3922 1133 3993 philosophus

500 3996 585 4048 natue
598 3993 798 4057 Alexandriae,
813 3992 1062 4063 Constantinopoli
1083 3964 1141 4063 epis
1169 3952 1238 4010 hm
1261 3950 1341 4021 Μ’
1364 3969 1469 4011 'emm
1487 3954 1588 4010 mm
1603 3950 1698 4009 adhuc
1713 3950 1812 4010 inco*

498 4082 600 4136 scopus
621 4064 770 4119 ordinatus
791 4070 833 4119 est
846 4069 918 4137 (379)
938 4068 967 4119 et
986 4066 1086 4135 pulsus
1099 4064 1141 4119 iu·
1168 4044 1243 4111 tum,
1266 4059 1340 4099 num
1362 4059 1397 4099 ⁶²
1415 4040 1521 4099 8111118
1537 4040 1557 4101 l·
1573 4040 1607 4098 αθ
1622 4040 1810 4141 iimiffffl·

498 4136 609 4206 signem
623 4141 655 4192 de
667 4140 718 4205 fide
737 4137 873 4191 adversus
886 4136 1008 4191 Arianos
1027 4136 1142 4208 scripsit
1168 4148 1292 4207 morum,
1319 4148 1407 4205 quem
1433 4148 1455 4189 s.
1481 4130 1632 4189 doctorem
1655 4146 1811 4205 scripsisse

499 4207 615 4271 librum,
636 4224 722 4276 quem
735 4208 891 4263 Mediolani
905 4207 1043 4263 Gratiano
1062 4207 1140 4332 grin·
1168 4221 1298 4277 testatur
1312 4217 1571 4295 Hieronymus
1586 4218 1622 4277 (10
1638 4218 1709 4277 viris
1724 4216 1768 4275 ist
1784 4236 1809 4277 ο,

496 4276 556 4348 ⁰il'i
570 4278 658 4359 ‘dedii'
684 4278 753 4350 Ejffl
766 4280 1003 4369 laud9⁸.⁰⁹¹⁶bmt
1020 4282 1048 4333 et
1075 4280 1082 4299 η’
1093 4297 1141 4361 ie'
1171 4318 1220 4371 87.
1237 4306 1669 4367 JuxtaFaulheberTheol.
1680 4305 1809 4377 Qtleohr.

499 4366 631 4419 gorius
645 4366 706 4404 naa.
720 4368 760 4403 or.
774 4356 817 4406 23.
831 4352 925 4405 hiram
934 4370 955 4405 e.
964 4352 1141 4404 Athanasius

498 4420 529 4473 in
544 4438 594 4473 sun
608 4438 652 4491 ep.
661 4421 762 4492 scripti
772 4422 904 4478 meminit
914 4422 1033 4477 Maximi
1040 4426 1141 4477 contra
1172 4407 1251 4460 ¹9⁰1
1267 4396 1423 4466 Lmffllr
1443 4406 1556 4460 22731·
1571 4396 1644 4455 M·
1660 4397 1810 4455 mercati

499 4492 638 4561 quosdam
664 4493 739 4549 cire
770 4492 997 4549 incarnationem
1023 4511 1140 4557 errores,
1168 4486 1244 4545 Note
1255 4486 1286 4543 di
1295 4486 1484 4545 Letteratura
1498 4485 1572 4544 bibi
1587 4504 1603 4545 e
1618 4486 1700 4545 crist.
1709 4484 1810 4544 antica

498 4564 576 4632 qnod
590 4564 692 4636 etipse
706 4582 722 4619 a
745 4565 856 4636 probat.
875 4566 951 4621 ano
965 4569 1060 4619 times
1075 4564 1139 4620 ecri-

498 4638 548 4704 pta
561 4636 678 4707 periisse
691 4586 835 4693 videntur.

536 4716 555 4777 t)
572 4709 612 4760 [tn.
625 4708 797 4763 Draeseke
811 4708 994 4763 Po-tristischc
1004 4707 1140 4762 111111111-
1167 4707 1404 4763 commentarium
1423 4714 1452 4763 in
1465 4712 1524 4771 Job,
1544 4707 1596 4777 qui
1618 4724 1709 4775 usque
1721 4707 1809 4762 hodie

499 4777 632 4849 chungeu
653 4781 774 4835 Altonae
799 4789 866 4837 1889
881 4800 906 4850 p.
926 4784 1073 4837 leti-207.
1098 4780 1140 4833 De
1168 4782 1322 4849 superest,“
1338 4780 1422 4835 modo
1436 4783 1532 4834 tamen
1546 4778 1640 4851 periit.
1663 4779 1704 4833 Ex
1717 4778 1809 4849 priori

498 4848 551 4901 hoc
574 4850 771 4905 Ambrosio
794 4850 894 4907 scribit
916 4871 936 4905 s.
961 4851 1138 4919 Hierony·
1167 4868 1252 4921 opere
1273 4851 1457 4906 Leontius
1476 4850 1649 4920 byzantinus
1667 4851 1808 4921 fragmen·

499 4937 575 4972 mus
589 4921 623 4974 dc
638 4921 688 4975 vir.
703 4922 743 4979 ill.
757 4942 779 4978 o.
796 4932 861 4981 lan:
886 4922 1071 4985 „Aiulrrosius
1084 4922 1139 4976 alc·
1167 4926 1228 4976 tum
1249 4923 1405 4977 asservavit
1424 4923 1472 4981 l.l
1493 4926 1593 4978 eontra
1613 4921 1808 4991 Eutychianos

498 4990 664 5057 nandrinus,
684 4993 799 5049 auditor
812 4994 936 5062 Didymi,
958 4993 1073 5065 scripsit
1092 4998 1140 5049 od·
1167 4998 1196 5047 et
1209 4993 1401 5048 Nestorianos.
1416 4997 1521 5048 Contra
1543 4992 1730 5047 Draeeeke
1750 4995 1811 5047 etat

499 5080 588 5117 cereres
609 5068 806 5133 Apollinarium
823 5068 962 5121 ¹volumen
982 5067 1138 5120 multorum
1168 5070 1264 5119 tamen
1296 5065 1483 5120 Lauchert
1514 5064 1561 5119 die
1586 5064 1675 5119 lehre
1704 5065 1754 5118 dee
1779 5067 1809 5120 h.

499 5150 632 5189 versuum
655 5136 689 5189 de
712 5138 903 5207 dogmatibus,
929 5142 958 5191 et
983 5139 1016 5190 ut
1035 5137 1071 5190 ad
1094 5154 1138 5190 me
1167 5136 1342 5191 Athanasius
1358 5144 1425 5195 1895
1438 5158 1465 5208 p.
1479 5136 1518 5190 XI
1530 5155 1552 5189 e.

499 5222 591 5275 nuper
612 5208 736 5276 quodam
759 5213 893 5262 narrante
919 5208 1061 5278 perlatum
1088 5212 1139 5270 est,
1206 5208 1762 5279 oet.inserer-Jungmanneee.
