4350 5934
475 622 534 677 351
763 609 913 660 441-500.
925 600 1082 673 Scriptores
1093 599 1152 673 pol
1165 598 1300 655 adversus
1312 598 1486 655 Nestorium.
1722 615 1784 671 352

476 792 538 851 vita
552 792 622 851 ante
645 792 820 867 susceptum
835 789 1041 866 episcopatum
1056 789 1117 848 fere
1193 799 1264 853 193.
1274 788 1399 848 Interim
1406 786 1589 848 Theodosius
1599 786 1670 865 imp.
1680 791 1786 866 agenta

475 880 551 940 nihil
565 880 684 951 scimus,
701 879 761 939 nisi
776 898 846 939 eum
855 878 949 938 fuisse
958 878 1116 939 admodum
1144 880 1209 955 ipso
1225 877 1364 937 Nestorio
1385 877 1545 936 canalium
1564 877 1786 939 oecumenicum

474 970 552 1029 bene
567 968 694 1028 inomni
710 968 937 1044 disciplinarum
948 986 1065 1044 genere,
1081 969 1118 1027 ut
1144 967 1255 1044 Ephesi
1270 966 1374 1026 haberi
1398 966 1503 1035 voluit,
1527 966 1576 1025 coi
1600 966 1728 1043 (tyrillus
1750 974 1786 1027 ax

475 1060 541 1135 ejus
557 1060 708 1117 testantur
724 1076 821 1135 opera,
838 1056 999 1119 excultum.
1023 1056 1118 1117 Theo·
1145 1056 1332 1135 delegatione
1352 1055 1512 1115 Caelestini
1535 1056 1674 1132 praefuit,
1698 1060 1731 1116 et
1752 1058 1787 1117 in

474 1146 592 1224 philam
619 1145 904 1222 Constantinopolim
930 1144 1118 1224 proficiscen·
1145 1163 1206 1221 quo
1221 1163 1283 1205 non
1298 1143 1489 1203 obstantibus
1499 1144 1666 1205 innumeris
1675 1146 1786 1205 machi·

474 1240 536 1295 tem
546 1236 706 1295 comitatus
722 1238 769 1295 est
786 1237 876 1311 atque
886 1234 1026 1294 interfuit
1035 1234 1117 1295 tristi
1145 1233 1319 1295 nationibus
1340 1234 1386 1292 tot
1408 1232 1558 1294 fautorum
1574 1234 1716 1305 Nestorii,
1738 1236 1787 1295 cni

475 1324 513 1385 ad
538 1324 686 1394 Quercum
711 1323 919 1395 conciliabulo,
950 1324 981 1381 in
1006 1342 1067 1400 quo
1094 1342 1118 1383 s.
1145 1322 1286 1383 favebant
1303 1321 1394 1381 multi
1417 1322 1555 1399 episcopi,
1578 1325 1610 1383 et
1631 1323 1711 1384 inter
1733 1325 1786 1383 hos

476 1413 703 1491 chrysostomus
719 1413 778 1473 fuit
793 1413 961 1489 depositus:
985 1412 1054 1472 hinc
1073 1412 1119 1471 nil
1144 1412 1297 1471 antistites
1312 1428 1437 1488 magnae
1452 1411 1649 1483 auctoritatis,
1669 1415 1706 1472 nt
1720 1413 1742 1472 J
1747 1431 1786 1472 o-

476 1502 594 1573 mirum,
610 1520 679 1561 eum
695 1521 781 1580 aegre
797 1503 828 1562 et
842 1501 962 1562 nonnisi
977 1520 1003 1565 a.
1013 1511 1074 1581 417
1094 1520 1117 1565 s.
1144 1520 1263 1561 annas
1279 1495 1506 1582 antiochenus1)
1522 1502 1554 1561 et
1569 1500 1787 1561 Theodore-

476 1590 623 1668 praesulis
639 1608 748 1651 nornen
762 1591 795 1651 in
811 1590 953 1667 dypticha
962 1591 1117 1667 recepisse.
1144 1594 1210 1650 tus
1226 1590 1367 1667 cyrensis,
1383 1589 1436 1648 ille
1450 1589 1786 1667 damnatasdepositus·

476 1679 622 1739 Defuncto
646 1681 753 1755 patruo
777 1700 802 1743 a.
829 1688 907 1751 412,
932 1698 993 1739 non
1016 1684 1117 1739 tamen
1146 1698 1205 1756 que
1226 1678 1287 1739 tuit
1305 1673 1360 1759 (22
1377 1677 1449 1737 Jun.
1466 1674 1545 1761 431)
1567 1682 1658 1756 atque
1679 1680 1786 1739 solam·

477 1768 550 1829 citra
564 1768 836 1840 contradictionem,
861 1768 893 1827 in
917 1768 986 1828 aede
1002 1768 1117 1844 apisco·
1144 1769 1224 1828 nitsr
1246 1770 1394 1827 statutum
1417 1766 1525 1844 dogma
1548 1768 1726 1827 catholicum
1750 1769 1786 1828 de

477 1858 538 1934 pali
553 1858 706 1917 successit.
735 1857 901 1934 Episcopus
920 1858 1015 1917 factus
1035 1877 1118 1935 mag·
1145 1877 1206 1916 una
1218 1857 1252 1915 in
1262 1856 1377 1916 Christo
1390 1874 1484 1932 eaque
1499 1856 1602 1917 divina
1616 1875 1742 1934 persona
1757 1860 1789 1917 at

476 1966 550 2005 num
564 1945 634 2005 fidei
649 1947 746 2007 zelum
761 1945 905 2005 ostendit:
925 1947 995 2006 hinc
1010 1950 1041 2006 et
1056 1946 1118 2005 No·
1144 1949 1259 2005 asserta
1281 1944 1428 2023 gloriosae
1453 1945 1484 2004 V.
1509 1946 1618 2005 Mariae
1633 1946 1688 2005 Dei
1702 1947 1787 2024 geni·

477 2035 664 2095 tatianorum
674 2036 812 2095 ecclesias
823 2035 928 2107 claudi,
940 2034 1117 2106 etJndaeos,
1146 2035 1229 2095 tricis
1260 2034 1475 2112 praerogativa
1524 2036 1648 2112 Magnae
1680 2035 1787 2095 exinde

477 2124 530 2199 qui
546 2124 646 2184 furore
669 2124 728 2183 acti
749 2124 783 2183 in
806 2124 923 2183 coedem
942 2124 1116 2184 christiano·
1146 2128 1228 2183 ortae
1244 2124 1440 2191 suntturhas‚
1456 2124 1786 2184 cumfautorssNasto-

477 2232 540 2272 rum
551 2212 801 2290 conspiraverant,
818 2213 938 2272 civitate
949 2214 1056 2289 expelli
1071 2230 1118 2273 sa·
1145 2213 1184 2272 rii
1191 2212 1291 2271 omnia
1298 2230 1410 2288 susque
1423 2212 1518 2287 deque
1529 2215 1689 2284 rederent,
1706 2216 1743 2273 ut
1755 2216 1787 2272 et

477 2302 562 2379 tegit.
588 2301 745 2379 singulare
760 2302 1118 2380 veroOyrilliprocatho-
1146 2302 1274 2378 Cynum
1290 2300 1497 2377 deponeretur,
1520 2301 1695 2377 approbatio
1717 2321 1787 2361 ana-

478 2390 550 2451 licae
565 2390 636 2450 fidei
644 2390 851 2459 incolumitate
860 2391 973 2451 enituit
983 2390 1118 2450 studium
1146 2390 1406 2451 thematismoram
1415 2394 1611 2462 revocaretur,
1624 2393 1689 2450 tota
1698 2409 1787 2451 causa

478 2481 580 2539 contra
595 2478 768 2539 Nestorium
792 2480 828 2539 ab
850 2498 876 2542 a.
893 2488 957 2544 428
980 2483 1118 2540 consten-
1146 2481 1366 2540 retractaretur.
1390 2478 1430 2538 Et
1443 2498 1547 2539 revera
1560 2479 1785 2540 nonsolnsNe-

477 2568 711 2644 tinopolitanum
724 2568 895 2645 episcopum
912 2570 1071 2646 negantem
1087 2569 1119 2628 in
1146 2569 1268 2638 storius,
1292 2567 1346 2627 sed
1366 2570 1399 2627 et
1413 2568 1542 2644 (tyrillus
1558 2568 1677 2628 concilii
1690 2570 1786 2629 veluti

477 2656 746 2717 Christounionem
755 2657 982 2733 hypostaticam,
1002 2662 1033 2717 et
1047 2658 1119 2717 binc
1147 2658 1254 2728 anima,
1271 2658 1302 2715 et
1310 2656 1450 2717 Memnon
1461 2656 1617 2733 episcopus
1627 2658 1787 2734 ephesinus

478 2747 661 2805 asserentem
684 2746 712 2807 J.
736 2746 884 2806 ebriatum
908 2764 944 2805 ex
969 2746 1061 2805 Naris
1085 2746 1118 2808 V.
1146 2765 1181 2806 ex
1196 2745 1385 2822 imperatoris
1395 2746 1534 2805 mandato
1544 2746 1696 2806 custodiae
1704 2748 1786 2807 tuere

479 2834 628 2893 hominem
642 2837 761 2894 tantum
777 2840 808 2895 et
823 2854 884 2896 non
895 2836 988 2895 Deum
1004 2838 1117 2906 natum,
1146 2834 1264 2895 traditi:
1287 2836 1378 2910 atque
1400 2834 1432 2893 in
1454 2854 1490 2894 ea
1508 2853 1531 2893 s.
1547 2836 1667 2911 praesul
1681 2836 1786 2913 synodi

478 2923 565 3000 eique
575 2923 761 2983 divinitatem
777 2942 831 3001 pro
846 2924 963 2984 meritis
978 2942 1044 2984 esse
1059 2925 1119 2983 col·
1146 2925 1225 2985 sotis
1247 2923 1414 2999 obsequens
1430 2924 1691 2985 anathematismos
1706 2942 1786 2995 suos,

478 3013 578 3073 latam.
603 3012 675 3073 Cum
687 3013 998 3089 ejusemsndationem
1007 3013 1120 3075 frustra
1147 3013 1258 3089 quibus
1273 3012 1529 3073 schismaticorum
1544 3012 1597 3071 alii
1621 3014 1786 3073 obscurita-

477 3104 633 3172 tentasset,
657 3120 725 3161 eum
748 3120 770 3166 s.
793 3102 959 3163 Ooelastino
981 3103 1119 3178 episcopo
1145 3104 1208 3162 tem
1218 3101 1444 3179 exprobrabant,
1460 3101 1645 3178 impietaten
1659 3102 1721 3173 alii,
1736 3120 1786 3162 er-

477 3209 598 3250 romsno
623 3190 816 3251 denunciavit
840 3186 940 3274 (430).
970 3191 1026 3250 Hic
1048 3210 1119 3251 con·
1145 3192 1266 3267 planare
1275 3189 1416 3267 suscepit.
1437 3190 1603 3266 imperator
1611 3195 1713 3251 tamen
1726 3210 1787 3251 uon

478 3282 601 3357 gregata
625 3280 733 3339 Romae
760 3280 872 3357 synodo
896 3281 1031 3339 unanimi
1055 3299 1119 3339 om·
1147 3279 1786 3357 multopostmelinsedoctnsconoiliocon-

479 3369 562 3428 nium
579 3386 723 3430 consensu
739 3372 848 3429 rectam
872 3388 895 3429 s.
911 3369 1016 3446 (lyrilli
1031 3370 1119 3428 tidem
1147 3368 1248 3439 sensit,
1274 3373 1365 3443 utque
1386 3368 1560 3428 Nestorium
1582 3369 1616 3427 iu
1637 3372 1787 3429 monaste·

478 3456 663 3533 approbarit,
680 3458 811 3517 Nestorii
828 3477 955 3518 errorem
966 3458 1120 3517 damnavit
1146 3458 1223 3517 rium
1239 3457 1612 3535 relegavitantiocbenum.
1634 3458 1703 3517 Non
1717 3476 1787 3535 pro·

479 3548 569 3621 atqua
585 3546 741 3605 anathema
762 3548 958 3606 comminatus
979 3550 1034 3617 ast,
1060 3546 1119 3606 nisi
1147 3550 1250 3623 pterea
1258 3549 1415 3606 cessarunt
1423 3546 1597 3618 calumniae,
1614 3546 1741 3623 injuriae
1755 3551 1786 3607 et

478 3636 560 3693 intra
585 3634 732 3693 decimum
762 3634 840 3693 diem
870 3639 939 3713 post
970 3638 1119 3713 acceptam
1146 3636 1367 3712 persecutiones
1389 3656 1407 3694 a
1428 3636 1561 3695 Nestorii
1582 3636 1748 3697 fautoribus
1763 3656 1786 3696 s.

478 3724 569 3799 hujus
594 3724 762 3782 sententiae
791 3725 990 3802 cognitionem
1015 3725 1119 3801 resipi·
1147 3723 1278 3800 praesuli
1289 3723 1399 3794 illatae,
1410 3742 1484 3799 quas
1494 3725 1559 3800 ipsa
1568 3724 1787 3801 patientissima

479 3814 589 3873 sceret:
620 3814 710 3888 atque
736 3812 846 3888 cyrillo
875 3814 907 3872 in
932 3814 1119 3889 exsequendo
1147 3813 1228 3883 tulit,
1246 3813 1289 3872 ita
1304 3815 1340 3872 ut
1355 3812 1786 3891 desolatidasollicitusquid-

479 3900 743 3978 sedisapostolicae
754 3902 868 3978 judicio
884 3906 983 3979 partes
1000 3904 1119 3963 deman·
1148 3901 1221 3976 quid
1236 3901 1378 3962 adversus
1393 3920 1462 3960 aum
1477 3901 1654 3961 effutiebant
1668 3920 1702 3961 ac
1723 3921 1786 3962 mo·

478 3991 570 4049 davit.
604 3990 734 4067 Oyrillns
763 3990 863 4051 habite
887 4011 996 4069 magna
1025 3992 1120 4051 totius
1147 3991 1298 4064 liehantur
1313 3990 1462 4062 haeretici,
1479 4008 1533 4067 pro
1548 3991 1642 4050 nihilo
1657 3991 1786 4051 baberet

478 4080 608 4157 Aegypti
628 4079 833 4155 episcoporum
863 4080 977 4156 synodo
1000 4082 1119 4139 senten·
1147 4080 1206 4139 Diu
1228 4080 1317 4139 triste
1340 4078 1460 4138 darsvit
1481 4079 1611 4140 schisma
1628 4079 1708 4139 inter
1722 4082 1785 4157 epi-

477 4168 551 4227 tism
567 4168 726 4227 Ooelestini
749 4186 833 4228 suam
857 4168 928 4229 fecit
950 4173 1038 4245 atque
1054 4170 1119 4244 epi·
1147 4186 1259 4245 scopos,
1276 4168 1330 4244 qui
1346 4168 1559 4227 damnaverant
1567 4168 1739 4229 Nestorium
1753 4170 1786 4229 iu

479 4258 586 4316 stolam
610 4257 698 4333 plane
729 4257 880 4335 egregium
904 4258 1042 4317 Nestorio
1066 4276 1120 4333 per
1146 4258 1260 4334 syuodo
1269 4257 1418 4334 ephesina,
1434 4258 1545 4331 quihus
1554 4258 1707 4317 consensit
1715 4258 1786 4317 Goe-

478 4346 594 4422 aliquot
617 4346 768 4423 episcopos
793 4346 884 4417 misit,
910 4348 941 4405 in
967 4366 1026 4423 qus
1050 4366 1118 4406 eon·
1146 4346 1275 4405 lestinus
1290 4349 1432 4422 totusque
1449 4345 1599 4418 Occidens,
1622 4349 1653 4407 et
1673 4347 1785 4423 episco-

480 4434 633 4495 tinehatur
648 4435 783 4511 mysterii
802 4436 1014 4495 incarnationis
1030 4454 1119 4511 expo·

479 4524 548 4584 sitio
564 4525 732 4600 subjunctis
752 4534 789 4587 12
807 4525 1070 4595 anathematismis,
1085 4523 1119 4582 in
1184 4591 1204 4659 ι)
1217 4586 1381 4641 loannes
1393 4585 1425 4641 in
1435 4586 1631 4641 mumma
1650 4586 1787 4659 Eupoepii

478 4614 588 4689 quihus
599 4614 749 4690 praecipui
760 4616 862 4673 contra
877 4614 932 4673 hoc
942 4613 1118 4715 mysterium
1146 4658 1224 4712 haud
1238 4659 1339 4729 procul
1349 4658 1504 4712 Antiochia
1526 4674 1590 4713 ,um
1610 4658 1786 4714 Theopompo

478 4703 696 4762 damnabantur
718 4720 839 4765 errores.
871 4702 1026 4762 Nestorius
1048 4721 1118 4762 vero
1146 4732 1176 4783 ep
1199 4729 1331 4785 Nemeo
1356 4730 1495 4785 educatus
1519 4729 1585 4783 fuit.
1617 4730 1720 4785 Factus
1744 4731 1788 4783 est

479 4793 594 4866 praeter
610 4792 683 4851 alias
699 4792 902 4851 accusationes
925 4792 956 4849 in
972 4792 1116 4867 Oyrillum
1146 4818 1172 4854 a.
1185 4809 1238 4857 4⁴28
1250 4801 1438 4857 antiochenus
1454 4801 1614 4872 episcopus.
1633 4801 1691 4856 Dia
1704 4799 1788 4872 perti·

479 4897 596 4954 spargas
610 4880 766 4939 duodecim
783 4883 814 4940 et
829 4880 892 4956 ipse
908 4880 1119 4940 anathematis.
1146 4872 1313 4940 naciterque
1321 4873 1436 4927 obstitit
1443 4873 1564 4927 decretis
1576 4871 1694 4929 concilii
1704 4871 1788 4943 ephe·

479 5058 498 5115 l.
542 5058 548 5069 .
688 5059 694 5070 .
987 5058 992 5071 .
1022 4969 1119 5070 ‘cyse
1146 4944 1291 5077 {tristi
1302 4944 1788 5095 ltlttzlf‘ttslltttt

491 5076 576 5159 ranis¹
593 5060 754 5159 oppositos,
783 5059 962 5135 exprobrans
985 5059 1030 5117 sllr
1055 5060 1120 5117 Aru
1148 5089 1172 5152 (p
1184 5091 1255 5158 441).
1281 5086 1404 5155 Aliquot
1416 5089 1477 5155 ejus
1490 5091 1612 5156 mmm
1630 5087 1786 5141 amp„

478 5148 719 5223 Apollinerrsque
735 5166 858 5209 errores.
1148 5156 1272 5229 lligne
1286 5157 1317 5214 P.
1330 5159 1363 5213 G.
1376 5159 1505 5213 LXXVII
1520 5165 1703 5216 lese-1463.

479 4986 542 5027 mos
566 4968 699 5027 condidit
720 4970 857 5047 singulos
881 4970 1009 5047 singulis
