4350 5934
360 606 424 659 999
855 586 883 641 S.
896 586 997 641 Petrus
1009 587 1175 642 Damiauus.
1202 599 1206 608 ’
1396 662 1402 674 ·
1606 606 1668 661 999

361 773 499 833 Bessin
524 791 551 848 p.
567 772 581 831 1
596 793 625 849 p.
642 780 692 837 49.
722 772 999 847 5551555511,
1028 774 1125 833 carnis
1141 774 1279 834 stimulos
1294 775 1507 853 exstingueret
1533 775 1668 851 Denique

364 870 549 926 587-595.
565 894 608 907 ·-
625 861 771 923 Addimus
782 867 904 939 propter
912 882 1000 941 argu·
1028 863 1161 923 excussis
1191 863 1298 923 muudi
1322 864 1449 925 vinculis
1472 864 1553 923 inter
1577 864 1668 924 fontis

224 980 234 1009 a
360 950 456 1012 menti
472 950 647 1011 affinitatem
672 950 869 1018 Samonam
895 970 1000 1029 gazen—
1028 952 1165 1011 55511551
1196 952 1334 1012 eremitas
1364 953 1541 1013 sanctiorem
1560 953 1668 1031 degere

361 1058 424 1101 seru
440 1040 472 1099 iu
488 1040 656 1099 Palaestina
664 1040 847 1117 episcopum,
863 1041 1002 1116 quicirea
1028 1040 1121 1099 vitam
1137 1042 1247 1101 statuit
1270 1037 1308 1123 (c.
1323 1061 1348 1101 a
1371 1037 1477 1124 1035).
1508 1043 1669 1119 Postquam

361 1130 416 1189 boc
425 1124 570 1210 tempus(
577 1127 672 1209 10⁵6)
683 1128 849 1205 disputavit
858 1130 1001 1191 adversus
1029 1130 1146 1190 sodales
1161 1130 1252 1190 etiam
1269 1129 1301 1189 in
1325 1130 1391 1190 aliis
1414 1131 1566 1191 coenobiis
1589 1132 1670 1201 vitae

360 1218 533 1277 Achmetem
556 1218 732 1279 Saraceuum
756 1218 1000 1281 5555555515515
1029 1218 1120 1279 verbo
1134 1224 1166 1279 et
1180 1219 1313 1296 exemplo
1329 1219 1523 1293 instituisset,
1548 1220 1586 1279 ad
1601 1237 1670 1280 snos

224 1336 236 1373 r
362 1308 466 1367 'Potius
491 1308 523 1366 in
545 1324 580 1365 eo
595 1310 651 1381 est,
668 1310 704 1367 nt
725 1307 832 1384 probet
846 1326 954 1384 panem
968 1326 1001 1367 ac
1028 1308 1669 1384 reversusAvellauitarnmlamiliaepraeses

361 1397 466 1457 viuum
489 1414 543 1471 per
567 1396 729 1457 sacerdotis
754 1398 1001 1457 consecrationem
1029 1397 1168 1475 elegitur.
1188 1398 1282 1457 'lotus
1298 1396 1437 1457 incubuit
1450 1398 1668 1475 exemplaver-

362 1504 465 1545 vernm
481 1502 547 1545 esse
562 1488 594 1544 55
609 1484 760 1563 integrum
777 1504 1001 1562 corpusacsau·
1028 1486 1076 1545 bis
1101 1490 1133 1545 et
1154 1486 1276 1563 scriptis
1301 1486 1381 1563 apud
1406 1504 1475 1547 suos
1498 1504 1670 1563 promovere

360 1575 484 1652 guinem
500 1574 635 1634 Domini:
666 1575 704 1632 ad
719 1574 800 1650 quod
816 1575 1001 1635 suadendam
1029 1574 1110 1635 51555
1125 1574 1306 1635 monasticae
1331 1576 1468 1635 studium
1491 1578 1577 1635 tento
1601 1594 1670 1652 pro·

232 1696 236 1705 ·
361 1662 605 1739 mohsmmedano
630 1662 744 1736 bomini
769 1664 869 1723 555551
885 1664 1002 1725 acrudi
1029 1662 1119 1734 15555,
1144 1668 1181 1723 55
1204 1664 1253 1724 551
1277 1664 1390 1723 ordinis
1414 1663 1490 1723 alter
1514 1682 1621 1739 955555
1637 1682 1670 1723 ac

360 1752 505 1829 exemplis
530 1752 629 1811 utitur
652 1752 785 1829 apprime
810 1752 1003 1832 congruenti-
1029 1754 1223 1829 praecipuum
1238 1753 1361 1813 babitus
1376 1754 1418 1813 sit
1432 1756 1669 1813 ο55555555555.’

363 1842 428 1905 555.
445 1842 516 1900 11555
524 1840 757 1917 disputationem
769 1842 860 1901 babes
873 1844 905 1901 in
920 1843 1002 1913 Gal·

362 1929 471 1989 15551
495 1934 553 1989 555.
578 1930 634 1988 ΡΡ.
656 1928 734 1993 Β151.
755 1931 831 2002 XIV,
857 1941 918 1995 225
946 1950 1002 2003 ss.;
1034 1966 1037 1973 ·
1078 1941 1152 1995 559.
1168 1932 1225 1991 Sed
1239 1929 1483 1991 uousolnmsuis
1498 1934 1530 1990 55
1544 1931 1670 1990 aliarum

362 2018 488 2096 llligue
508 2019 540 2080 P.
556 2019 589 2077 (1.
605 2018 687 2090 CXX,
715 2028 930 2097 1061-1058
947 2024 1002 2083 555.
1030 2019 1213 2081 familiarum
1234 2018 1394 2087 coenobiis,
1416 2037 1520 2079 verum
1535 2023 1567 2079 et
1580 2020 1670 2079 variis

1031 2108 1215 2170 dioecesibus
1248 2128 1337 2186 qnam
1360 2108 1524 2185 plurimum
1557 2108 1673 2183 profuit

411 2204 481 2261 558.
499 2196 640 2257 Omnium
649 2199 1002 2275 tamenpraecipuusbu·
1031 2198 1237 2259 sanctissimus
1252 2198 1314 2257 sir:
1339 2197 1401 2257 imo
1425 2198 1462 2256 de
1476 2197 1672 2257 restauranda

225 2263 231 2365 ζ
354 2287 411 2362 jus
427 2284 570 2362 temporis
595 2286 754 2363 theologus
777 2290 867 2362 55955
883 2288 1003 2365 59551511
1031 2287 1396 2364 51551911555551551555155
1404 2286 1478 2346 5555
1489 2287 1602 2363 551955
1612 2287 1671 2346 col-

363 2374 514 2434 mentione
545 2374 741 2451 dignissimus
772 2378 818 2435 eet
849 2394 873 2435 s.
895 2378 1002 2436 Petrus
1031 2377 1225 2454 1595555955
1248 2375 1447 2452 exstirpandis
1470 2375 1607 2446 simonia,
1622 2375 1671 2435 iu·

360 2462 536 2523 Damicni
552 2462 701 2523 Ecclesiae
709 2464 818 2537 doctor,
827 2484 915 2541 qnam
925 2466 1003 2527 Deus
1031 2466 1217 2526 coutinentia
1237 2466 1365 2541 aliisque
1386 2463 1459 2523 oleri
1480 2464 1565 2525 vitiis
1581 2483 1671 2541 quam

362 2552 428 2621 ,sic
452 2552 507 2611 bac
531 2550 769 2627 deploratissimo
794 2555 903 2626 seculo,
935 2574 1002 2614 cum
1030 2554 1248 2630 impensissime
1285 2554 1345 2613 fuit
1378 2553 1538 2613 sollicitus:
1580 2572 1672 2630 qnare

363 2641 542 2701 excrevisset
570 2640 606 2701 ad
631 2642 791 2701 Ecclesiam
821 2642 1003 2703 obruendam
1031 2643 1262 2719 855955555111.
1284 2662 1352 2703 eum
1376 2643 1465 2719 plane
1479 2642 1609 2703 insitum
1625 2646 1671 2701 at-

360 2730 512 2789 diluvium
523 2729 630 2801 earnis,
642 2730 724 2789 dedit
734 2732 854 2803 maudo,
862 2734 1001 2792 ntauste·
1031 2751 1090 2809 que
1121 2734 1320 2792 reluctantem
1349 2732 1383 2791 in
1412 2731 1526 2791 virtute
1551 2736 1670 2791 sauctae

362 2819 483 2878 rissimo
499 2820 577 2878 vitae
593 2821 727 2895 exemplo
751 2821 896 2898 verbique
917 2840 1003 2899 prae·
1030 2822 1217 2881 obedientiae
1234 2822 1412 2881 cardinalem
1434 2821 1547 2880 creavit
1561 2824 1594 2880 et
1607 2821 1670 2898 epi·

358 2908 509 2968 dicatione
525 2913 556 2967 55
571 2908 693 2984 55519515
714 2908 873 2969 exsiccaret
887 2913 1002 2970 tantum
1031 2928 1155 2988 scopum
1172 2910 1332 2970 ostiensem
1349 2902 1471 2991 (1057).
1489 2909 1671 2987 1115591515

362 2997 551 3073 putredinem
582 2997 753 3075 pariterque
778 3003 926 3077 pugnaret
950 2999 1003 3058 sd·
1030 2997 1670 3075 595551551555511,555595551995555

363 3086 833 3158 versussimoniscambaercsim,
850 3088 1002 3163 quaeubi·
1031 3089 1213 3165 Stephanum
1246 3106 1335 3147 suum
1370 3087 1487 3147 vocavit
1532 3105 1670 3163 persecu·

365 3193 423 3250 que
447 3175 578 3234 locorum
603 3176 794 3253 grassabatur
816 3177 939 3253 impune
947 3174 1000 3260 1).‘
1029 3180 1134 3248 torem,
1165 3180 1197 3236 ct
1221 3176 1458 3236 Hildebraudum
1482 3176 1670 3247 cardinalem,

363 3264 461 3323 Natus
477 3266 524 3323 555
547 3264 653 3323 Ρ55555
676 3264 810 3325 55555515
835 3267 887 3325 555
903 3266 1003 3327 555515
1031 3267 1112 3341 quod
1136 3266 1215 3326 votis
1239 3265 1277 3325 de
1300 3265 1461 3343 repetenda
1481 3284 1578 3324 eremo
1600 3283 1670 3325 555·

361 3351 498 3413 55555555
512 3354 689 3429 psreutibue
698 3354 855 3415 Ravennae
874 3367 1003 3420 1006-
1030 3356 1125 3432 ceptis
1149 3355 1341 3432 pertinaciter
1369 3356 1474 3432 postca
1494 3354 1671 3425 obstitisset,

367 3452 460 3507 1007.
485 3445 620 3502 Amatre
635 3460 811 3503 numerosae
826 3444 920 3521 prolis
936 3464 1002 3521 per·
1031 3448 1178 3514 ,sanctum
1194 3446 1346 3504 55555555.ι
1377 3442 1672 3519 55555551595551-

361 3534 445 3590 taesa
459 3531 607 3607 abjicitur,
619 3531 671 3591 555
681 3532 858 3593 domesticae
868 3533 1001 3594 mulieris
1030 3532 1136 3593 ficibus
1151 3552 1237 3609 saepe
1251 3532 1405 3593 adbibitus
1418 3535 1467 3591 est
1481 3532 1513 3591 in
1529 3531 1671 3592 difficilli-

362 3638 451 3696 opera
467 3620 629 3681 semivivus
649 3624 790 3697 exceptus
805 3623 944 3699 genitrici
965 3623 1003 3683 ad
1030 3624 1087 3682 mis
1109 3623 1249 3700 negotiis.
1280 3623 1328 3682 Ita
1349 3642 1368 3681 5
1389 3622 1511 3682 Nicolao
1529 3622 1567 3679 11.
1590 3620 1671 3699 (cnm

363 3708 558 3769 humanitatis
568 3728 687 3769 5555555
696 3714 848 3771 revocatae
857 3712 1002 3772 redditur.
1031 3712 1172 3771 anselmo
1182 3708 1309 3795 lucensi)
1325 3712 1362 3770 ad
1370 3709 1569 3771 renovandum
1578 3712 1671 3770 eccle·

363 3797 496 3872 Utroque
511 3808 634 3876 parente
650 3799 772 3859 orbatus
782 3804 933 3876 tamquam
943 3802 1002 3861 vile
1030 3801 1105 3860 sium
1116 3800 1378 3869 mediolanensem,
1395 3800 1496 3875 inqua
1510 3799 1560 3858 six
1575 3819 1671 3860 nnum

364 3886 544 3963 mancipium
575 3888 631 3947 555
656 3906 760 3964 aspera
782 3888 883 3948 fratris
906 3891 1002 3951 555515
1029 3910 1064 3949 ex
1080 3890 1470 3966 515515155595515951555
1486 3888 1671 3949 5555551555

364 3973 468 4033 duram
484 3978 615 4036 exercuit
630 3976 804 4037 servitutem
826 3980 918 4054 55955
933 3998 1000 4056 pas·
1029 3979 1138 4038 collato
1161 3978 1258 4055 pretio
1281 3983 1481 4055 comparasset
1508 3980 1563 4036 aut
1585 3978 1672 4037 foeda

360 4062 465 4125 555515
480 4068 577 4141 porcis
594 4065 747 4126 adbibitus
763 4070 817 4127 est.
843 4068 1001 4127 51555155-
1029 4068 1206 4127 feminarum
1230 4066 1446 4126 consuetudine
1470 4084 1502 4125 se
1526 4067 1670 4125 contami·

362 4154 585 4213 5551151515555
610 4154 708 4213 dictus
725 4156 790 4231 ejus
809 4156 951 4216 misertus
969 4157 1001 4216 in
1030 4160 1139 4217 nasset.
1171 4156 1250 4215 Hinc
1273 4157 1306 4215 15
1328 4157 1393 4232 ejus
1416 4155 1546 4214 adventu
1568 4157 1671 4213 tantae

363 4242 419 4301 filii
434 4242 532 4302 locum
549 4244 669 4302 habuit:
686 4244 763 4313 binc,
775 4245 922 4320 utplnres
933 4265 1001 4305 cen·
1029 4248 1112 4305 ortae
1126 4246 1233 4304 turbae
1248 4250 1278 4304 et
1293 4244 1453 4313 tumultus,
1469 4248 1504 4302 nt
1525 4243 1604 4302 vitae
1623 4242 1670 4301 in·

363 4334 439 4400 seut,
455 4333 650 4409 gratitudinis
661 4351 747 4393 causa
757 4334 893 4393 Damiaui
904 4329 1003 4415 (juata
1029 4337 1163 4393 curreret
1177 4334 1358 4411 pericnlum:
1383 4333 1435 4391 sed
1450 4333 1514 4408 1955
1528 4331 1606 4390 51511
1622 4332 1669 4390 tu·

360 4419 436 4479 alios
470 4420 643 4501 Demiauus)
674 4423 770 4481 voluit
792 4424 1000 4498 cognominari.
1031 4440 1097 4482 rore
1111 4423 1217 4498 populi
1232 4422 1410 4497 perterritus
1426 4421 1470 4480 ita
1485 4419 1583 4480 sobrie
1598 4440 1670 4496 955-

359 4508 430 4567 5555
454 4510 561 4569 5555115
593 4528 710 4586 operam
735 4511 805 4569 dare
836 4512 945 4587 potuit,
969 4512 1002 4570 in
1030 4512 1136 4571 denter
1157 4511 1323 4587 leniterque
1345 4513 1533 4585 exasperatos
1556 4510 1671 4569 animos

363 4598 474 4675 quibus
490 4599 561 4659 adeo
577 4598 711 4676 prolecit,
734 4603 771 4659 55
795 4620 902 4677 magns
916 4600 1001 4659 audl-
1029 4600 1178 4671 tractavit,
1200 4603 1237 4657 55
1250 4600 1363 4678 legatio
1378 4600 1443 4674 ejus
1459 4598 1551 4657 laetos
1565 4598 1672 4659 5515515

360 4690 462 4745 torum
478 4687 646 4763 1559555515
661 4689 776 4747 scholas
800 4691 864 4765 ipse
879 4707 1001 4766 aperue·
1029 4690 1154 4749 lructne.
1193 4688 1274 4758 Quae
1297 4687 1409 4747 ibidem
1433 4688 1583 4764 peregerit
1607 4688 1671 4765 ipse

362 4776 411 4835 rit.
428 4776 540 4835 Exinde
556 4777 654 4851 coepit
664 4777 778 4836 divitiis
794 4781 825 4837 55
840 4778 1002 4838 555551555
1029 4778 1117 4839 55515
1139 4780 1258 4838 enarrat
1278 4794 1379 4854 opusc.
1403 4788 1420 4840 5
1444 4776 1522 4836 15155
1543 4776 1670 4839 citando.

361 4864 489 4935 affluere,
507 4866 558 4923 sed
575 4870 605 4923 55
621 4884 652 4924 55
667 4866 740 4925 5555
756 4867 869 4939 babuit,
887 4868 922 4926 55
937 4884 1000 4926 cor·
1030 4868 1229 4927 Alexandrum
1246 4867 1283 4932 11.
1302 4866 1420 4944 egregie
1435 4866 1552 4941 adjuvit
1567 4865 1670 4926 adver·

364 4970 420 5029 pus
436 4954 544 5012 rationi
561 4954 703 5014 subderet
713 4959 803 5031 atque
814 4956 1002 5034 insurgentes
1030 4974 1082 5017 sus
1099 4956 1256 5016 cadaloum
1271 4954 1565 5033 pseudopontificem,
1582 4974 1669 5031 quem

1030 5045 1109 5105 55515
1132 5045 1169 5106 55
1191 5065 1260 5105 eum
1279 5045 1376 5105 literis
1389 5044 1521 5121 graviter
1536 5044 1671 5121 increpat

402 5147 420 5206 ¹)
435 5142 477 5195 lta
491 5142 678 5199 Batonius
690 5144 727 5197 ad
741 5160 766 5198 5.
782 5148 859 5201 1575.
1030 5140 1061 5195 55
1076 5135 1113 5195 55
1129 5153 1230 5194 sanam
1243 5135 1383 5195 reducere
1398 5137 1528 5195 mentem
1551 5134 1669 5211 satagit,

1455 5234 1502 5289 3⁴2·
