4350 5934
331 615 397 672 149
802 594 830 651 S.
843 593 969 657 &silius
981 593 1174 655 mutiensis.
1209 644 1212 651 .
1580 618 1641 671 150

326 780 453 843 laudem
477 782 545 843 Res.
569 801 598 845 n
624 792 674 853 ³8,
699 782 830 845 monitor
855 783 975 860 probus,
1003 802 1076 861 pum
1100 782 1265 845 incidisti‘
1305 783 1452 845 &versus
1477 783 1644 859 praelectus

326 870 499 947 opitulator
508 871 688 943 commodus,
696 871 866 933 divinorum
873 891 976 933 oracu-
1002 871 1041 932 ad
1062 872 1373 950 imperatoremeique
1388 870 1538 933 missionis
1554 874 1642 937 ratio·

327 960 434 1021 lorum
463 960 628 1037 interpres,
658 980 760 1023 rerum
794 962 975 1039 agendarum
1003 980 1073 1029 nem
1091 960 1226 1033 reddens,
1252 962 1447 1038 ,Imperator
1472 962 1581 1038 iuquit,
1606 962 1644 1027 eb

325 1052 594 1125 praemonstrator,
617 1050 781 1111 senectutis
796 1050 974 1121 subsidium,
1002 1051 1094 1128 husius
1109 1050 1256 1111 Ecclesiae
1279 1050 1415 1111 antistite
1436 1050 1507 1116 victi
1528 1068 1644 1117 snmus.

325 1137 401 1199 fidei
415 1137 642 1211 adminiculum,
658 1139 886 1201 domesticorum
902 1138 973 1199 dde-
1003 1140 1093 1201 llinis
1102 1140 1238 1217 superior
1247 1142 1303 1213 est,
1320 1139 1509 1205 sermonibus
1520 1140 1642 1211 tirmior,

326 1226 475 1297 lisaim
495 1229 693 1292 externorum·
709 1226 747 1287 ad
765 1246 814 1290 res
829 1228 974 1307 gerendm
1004 1228 1162 1291 verborum
1190 1228 1484 1293 blanditiistortior.
1516 1230 1642 1307 lgnaro·

326 1315 537 1392 aptissimnss‘
570 1316 671 1387 Quum
692 1338 719 1377 a
736 1326 806 1383 -368
826 1317 976 1379 dirissima
1001 1317 1157 1378 ramelias
1166 1318 1314 1395 quispiam
1323 1317 1486 1379 tentandus
1496 1324 1557 1389 est;
1574 1318 1644 1379 huic

326 1405 447 1483 vigeret
462 1405 621 1474 wuronc
633 1406 735 1479 fumea
751 1407 974 1477 haereditatem,
1002 1410 1104 1467 sutem
1118 1409 1173 1467 sut
1186 1406 1233 1467 sis
1246 1410 1346 1483 aperta
1355 1406 1509 1467 inferenda
1518 1412 1573 1479 est,
1590 1412 1642 1471 aut

327 1513 409 1570 quae
423 1494 453 1553 ei
466 1513 504 1553 ex
518 1496 625 1557 matris
633 1495 795 1557 ammonae
810 1497 906 1557 morte
918 1496 973 1557 ob·
1001 1513 1062 1557 non
1076 1496 1318 1573 exspectandum,
1339 1498 1375 1556 ut
1389 1496 1479 1556 minis
1496 1496 1641 1575 cadat¹)‚.‘

326 1584 465 1654 smeret,
483 1602 649 1661 pauperum
664 1584 802 1648 subsidio
817 1584 973 1663 impendit
1001 1586 1075 1645 Cum
1106 1604 1176 1663 ergo
1207 1585 1286 1647 muri
1311 1585 1395 1647 aenei
1418 1585 1513 1645 instar
1536 1604 1566 1645 se
1590 1604 1643 1661 op·

326 1672 480 1736 Defuncto
494 1667 747 1756 *Eusebiottidi
764 1675 828 1753 ipse
850 1674 883 1735 iu
906 1693 973 1735 suo·
1001 1675 1136 1751 posuerit
1158 1674 1402 1735 innovationibus
1425 1674 1642 1751 fraudibusque

325 1778 476 1824 cessorem
496 1764 546 1825 est
565 1762 681 1827 electus
703 1782 764 1823 non
782 1767 882 1825 tamen
897 1764 974 1825 citra
1000 1762 1181 1826 hunorum
1205 1763 1392 1841 aliorumque
1417 1763 1642 1835 haereticorum,

325 1850 457 1911 aliorum
479 1850 744 1914 contradictionem
766 1856 798 1912 et
821 1872 838 1916 a
860 1872 883 1914 s.
900 1854 971 1913 Gre-
1000 1852 1359 1915 fidemuioaenumvarbis
1376 1853 1556 1930 scriptisque
1572 1871 1641 1928 pro·

324 1938 415 2015 gorio
428 1958 491 2001 nau
506 1940 605 2007 amieo
619 1958 674 2007 suo
689 1940 844 2003 ordinatus
858 1945 912 2003 est
936 1944 973 2002 ln
999 1942 1190 2020 pugnaverit,
1207 1944 1349 2005 nutantes
1366 1943 1396 2003 iu
1412 1942 1470 2003 fide
1485 1942 1639 2003 confirma·

325 2028 505 2095 candelabro
525 2030 644 2106 positas
669 2030 810 2092 omnibus
825 2030 973 2108 praeluxit
1001 2032 1085 2103 verit,
1103 2031 1254 2091 discordes
1268 2032 1305 2091 ad
1321 2032 1507 2093 concordiam
1523 2049 1638 2106 paoem-

324 2118 473 2193 examplo,
489 2117 666 2196 disciplinae
680 2120 898 2183 ecclesiasticae
909 2121 973 2181 luit
1000 2139 1058 2197 que
1073 2138 1210 2181 reuocare
1225 2121 1265 2181 sit
1289 2120 1373 2181 nisus
1388 2121 1526 2183 omnibus
1542 2119 1640 2184 omnia

325 2206 580 2278 studiosissimus,
597 2208 663 2284 psci
673 2208 893 2286 componendae
902 2227 971 2271 cum
999 2210 1107 2282 sactus,
1122 2210 1182 2287 ipsi
1198 2212 1266 2287 post
1282 2228 1304 2273 s.
1320 2210 1518 2271 Athanasium
1534 2209 1640 2269 Oriens
1735 2264 1738 2269 .

327 2294 454 2373 collegis
473 2296 506 2355 in
526 2296 699 2375 episcopatu
714 2298 805 2359 ruriis
821 2298 971 2360 decausis
1000 2297 1178 2375 praeprimis
1209 2298 1297 2359 debet
1333 2299 1487 2361 uictoriam
1521 2298 1640 2359 demum

324 2382 467 2445 turbatae
475 2385 633 2445 sollicitam
641 2386 971 2464 impenditoperam,de
999 2390 1068 2465 post
1089 2388 1247 2447 diuturnas
1269 2406 1435 2465 musaque
1460 2406 1579 2467 pugnas
1604 2388 1640 2446 de

325 2472 517 2535 reformando
534 2474 615 2534 clero
633 2475 789 2548 sollicitus,
809 2476 971 2554 hospitium
999 2476 1155 2537 arianismo
1186 2477 1336 2555 variisque
1367 2477 1500 2555 ejusdem
1530 2477 1640 2536 formis.

327 2563 433 2639 egenis
449 2566 481 2623 et
489 2564 656 2642 peregrinis
665 2564 855 2641 excipiendis,
872 2567 970 2642 lepro-
1000 2565 1083 2626 Obiit
1105 2564 1247 2626 Kalendis
1270 2566 1407 2627 ianuarii
1432 2587 1448 2625 a
1475 2576 1547 2634 379,
1572 2580 1639 2625 cum

326 2645 369 2711 sis
381 2650 524 2712 curandis
532 2653 904 2730 amplissimuminstituit,
919 2656 971 2716 sed
999 2658 1119 2715 tantum
1134 2656 1243 2732 spiritu
1259 2654 1363 2716 vivens
1382 2646 1500 2733 praeter
1521 2673 1589 2720 ossa
1610 2662 1641 2715 et

327 2740 476 2817 inprimis
485 2742 642 2819 zelusejus
650 2743 770 2815 exarsit,
786 2746 823 2803 ut
837 2745 972 2810 abuerat
999 2744 1109 2821 pellem
1131 2744 1217 2804 nulla
1239 2748 1392 2822 praeterea
1410 2746 1540 2821 corporis
1555 2748 1640 2826 parte

264 2874 269 2883 .
326 2834 373 2888 tat
388 2829 486 2901 malis,
511 2849 588 2907 quae
610 2830 746 2909 undique
767 2852 801 2891 ex
818 2832 917 2893 turbis
932 2836 970 2893 ab
999 2836 1132 2893 constare
1149 2832 1309 2905 uideretur,
1325 2834 1423 2912 rigida
1439 2836 1539 2905 ascesi,
1556 2833 1640 2893 lobo-

327 2920 484 2979 hseretic'm
507 2920 603 2979 omnis
626 2921 753 2999 generis,
780 2926 817 2981 ut
840 2924 968 2995 Arinuis,
998 2920 1084 2982 ribus
1109 2942 1164 3000 pro
1190 2924 1279 2983 causa
1304 2922 1356 2983 Dei
1383 2925 1413 2982 et
1437 2924 1639 3000 proximorum

327 3008 529 3080 Semiuriauis,
560 3009 787 3081 Macedonianis,
812 3012 969 3087 Apollinu-
997 3010 1094 3072 salute
1110 3012 1265 3089 susceptis,
1291 3030 1424 3071 moerore
1439 3012 1476 3072 ob
1493 3015 1540 3071 tot
1555 3030 1638 3071 sceu-

326 3097 409 3156 ristis
432 3100 488 3157 etc
516 3099 548 3157 in
570 3098 731 3159 Ecclesiam
752 3100 969 3162 redundabant.
996 3099 1065 3160 dala
1086 3104 1118 3159 et
1139 3100 1225 3171 mala,
1250 3100 1362 3175 quibus
1377 3100 1511 3160 Ecclesia
1523 3100 1638 3177 afflige-

326 3186 531 3263 Imperterrita
546 3187 724 3248 fortitudine
739 3189 899 3250 resistebat
910 3190 967 3250 Va·
997 3190 1095 3261 batur,
1106 3193 1307 3266 consumptus,
1319 3190 1434 3251 meritis
1445 3190 1560 3266 plenus.
1571 3188 1640 3247 Fuit

326 3275 400 3335 lenti
416 3276 491 3353 imp.
513 3295 569 3337 sua
582 3269 730 3355 potestate
745 3278 878 3355 turpiter
893 3280 968 3341 abu·
996 3276 1124 3357 insignis
1141 3278 1307 3355 theologus,
1324 3296 1412 3339 verus
1423 3278 1569 3340 Ecclesiae
1585 3277 1637 3335 do-

326 3364 413 3435 lenti,
440 3369 476 3425 ut
491 3365 695 3427 Arianismnm
719 3365 833 3444 ubique
857 3369 968 3429 diffun-
996 3370 1068 3441 ctor,
1084 3371 1237 3446 pastorum
1246 3368 1403 3443 exemplar,
1413 3368 1561 3429 virtutum
1571 3384 1637 3443 spe·

326 3452 418 3513 deret.
450 3453 527 3513 biam
551 3473 619 3514 cum
642 3454 694 3515 ille
710 3456 877 3517 Modestum
899 3476 969 3535 pro·
996 3457 1107 3529 culum,
1131 3476 1298 3535 pauperum
1313 3459 1344 3517 et
1359 3456 1562 3534 indigentium
1577 3458 1637 3516 sol·

327 3542 442 3603 rmciae
469 3544 651 3619 praelectum
681 3545 718 3605 ad
742 3546 889 3607 Basiliam
913 3547 969 3606 mi·
996 3546 1099 3607 licitus
1113 3548 1209 3625 petar,
1228 3546 1360 3621 prudens
1376 3547 1455 3606 vitae
1472 3546 1637 3623 spiritualis

327 3631 433 3703 sisset,
465 3632 518 3709 qni
542 3633 690 3694 bonorum
710 3635 968 3712 proscriptionem,
996 3636 1159 3714 legislator,
1183 3633 1325 3713 liturgiae
1341 3634 1526 3705 reformator,
1549 3654 1638 3711 quem

327 3721 473 3793 exsilium,
498 3722 649 3782 cruciatus
663 3714 819 3800 ipsamque
833 3728 968 3796 mortem,
996 3729 1157 3803 propterea
1186 3726 1273 3803 grata
1304 3725 1463 3802 posteritas
1489 3726 1637 3802 ,lingni‘

328 3809 358 3868 ni
379 3810 532 3870 voluntati
554 3812 741 3889 imperatoris
763 3813 888 3885 cederet,
912 3815 968 3873 mi·
996 3814 1130 3874 encomio
1147 3815 1325 3874 honestavit.

331 3898 494 3961 niteretur:
518 3900 566 3970 ,si
588 3900 662 3977 quid
683 3901 766 3961 alind
788 3902 894 3975 babes,
922 3922 968 3962 re·

328 3988 429 4061 posuit
446 3988 562 4065 plucide
582 3990 723 4061 Basilius,
746 3990 778 4051 id
801 3992 888 4051 uobis
912 3991 969 4052 mi·
1044 4002 1093 4055 78.
1119 3992 1358 4052 Praeelsrissima
1383 3996 1455 4051 suut
1479 3992 1554 4049 tanti
1581 3990 1638 4049 viri

328 4076 430 4137 uitare.
463 4076 580 4149 Horum
594 4079 683 4151 enim,
700 4100 776 4156 quae
789 4098 968 4143 commemo·
996 4071 1093 4159 opera.
1116 4080 1198 4141 Inter
1214 4082 1356 4159 polemi
1367 4098 1406 4139 oa
1421 4080 1554 4139 eminent
1570 4080 1598 4143 ll.
1617 4079 1644 4137 V

327 4168 407 4237 rasti,
430 4167 509 4226 nibil
531 4185 586 4227 nos
600 4168 725 4247 attingit
740 4214 748 4228 .
764 4214 794 4230 ..
822 4168 967 4241 Quoniam
996 4171 1135 4230 adversare
1150 4170 1327 4229 dornomiam
1344 4189 1368 4229 c.
1383 4189 1409 4228 a.
1423 4180 1485 4233 363
1503 4171 1551 4229 vel
1563 4178 1635 4239 364,

328 4254 470 4316 bonorum
495 4256 705 4335 proscriptioni
736 4258 882 4319 obnoxius
907 4278 968 4320 nou
996 4261 1027 4319 in
1050 4259 1161 4336 quibus
1184 4258 1274 4318 diluit
1297 4260 1466 4319 arianorum
1488 4258 1578 4317 tricas
1601 4259 1637 4317 de

328 4349 377 4413 est,
400 4345 456 4421 qui
478 4344 556 4404 nihil
571 4346 670 4418 babet,
694 4347 754 4407 nisi
770 4347 847 4409 forte
861 4348 967 4409 laceris
994 4348 1116 4409 notione
1134 4347 1271 4425 ingeniti,
1295 4346 1637 4409 consubstantialitatem

328 4439 356 4490 et
369 4433 489 4495 detritis
505 4432 585 4495 hisee
593 4436 701 4513 pannis
711 4436 829 4515 indiges
844 4456 878 4497 ac
893 4456 966 4515 pau·
994 4438 1064 4498 Filii
1088 4442 1119 4498 et
1144 4456 1166 4498 a.
1184 4436 1313 4513 Spiritus
1329 4437 1518 4498 divinitatem
1535 4440 1638 4497 eontra

328 4521 368 4581 cis
382 4523 505 4595 libellis,
528 4524 561 4583 in
582 4524 694 4601 quibus
716 4543 819 4586 omnes
834 4527 907 4586 mihi
924 4529 965 4587 fa·
994 4526 1232 4587 &senariorum
1243 4526 1427 4586 subtilitates
1437 4529 1551 4587 tuetur.
1563 4526 1636 4585 Cum

329 4612 452 4672 mltum
477 4617 559 4676 sunt.
590 4614 737 4673 Exsilium
761 4616 862 4674 autem
886 4616 966 4676 haud
994 4616 1095 4675 desint
1110 4616 1141 4676 ll
1158 4625 1177 4678 4
1194 4619 1225 4675 et
1242 4624 1258 4679 5
1276 4616 1348 4675 lima
1363 4618 1394 4675 et
1409 4614 1565 4685 accuratio,
1591 4614 1635 4671 vi·

329 4716 480 4777 cognosco,
489 4702 544 4777 qui
553 4702 638 4765 uullo
648 4703 713 4764 loco
723 4704 966 4784 circumscriptus
995 4706 1083 4765 detur
1107 4704 1181 4764 viris
1206 4704 1316 4764 entiam
1338 4722 1441 4765 eorum
1464 4702 1636 4781 geuuiuitas

330 4799 410 4849 sum‘
427 4794 534 4851 etc..
551 4835 558 4849 .
583 4790 647 4863 Quo
671 4811 806 4854 sermone
822 4794 966 4871 obstupe·
994 4795 1101 4856 saltem
1111 4794 1218 4853 dubia:
1236 4794 1400 4869 conjiciunt
1414 4792 1517 4869 aliqui,
1534 4810 1584 4853 eos
1601 4812 1636 4851 ex

329 4876 418 4939 tactus
435 4878 620 4957 praelectus:
646 4882 771 4955 ,Nema
794 4883 902 4959 inquit,
919 4902 966 4943 me
993 4957 1018 4963 -.
1038 4957 1069 4962 —
1098 4956 1140 4961 *-

329 4966 732 5076 dbm.u⁸qu⁰di⁰mt⁸'
747 4973 965 5048 necpariver'
1032 5018 1109 5080 ¹tlta
1135 5018 1222 5073 refert
1247 5036 1268 5072 s.
1291 5018 1501 5098 tiregorius
1521 5034 1581 5071 naz.
1605 5016 1635 5071 iu

331 5054 432 5156 ΜΨ)
446 5057 587 5160 ῙῘΜῙΨ,
601 5062 648 5136 ³⁸¹²
672 5061 829 5149 mmmm·
861 5062 965 5136 Neque
1013 5088 1187 5143 ulcherrimu
1207 5106 1247 5145 or.
1268 5094 1302 5145 43
1322 5088 1353 5142 in
1374 5107 1394 5143 s.
1408 5088 1509 5143 Basilii
1522 5088 1635 5143 laudem

331 5162 412 5218 emm,
436 5149 481 5205 art
495 5147 634 5220 Basrhus,
657 5150 782 5210 sonasse
803 5150 836 5209 in
851 5150 965 5226 episco-
1033 5160 1091 5215 bita
1107 5178 1133 5217 ιι.
1148 5166 1183 5217 48
1195 5177 1231 5215 ss.
