4350 5934
518 614 558 670 83
570 558 572 562 '
952 602 1102 652 sol-300.
1115 595 1142 649 S.
1156 593 1310 663 Dionysius
1322 594 1395 648 alex.
1793 608 1814 663 g
1819 610 1841 661 4

516 783 616 859 alesia,
633 800 723 859 qnam
745 780 913 841 illustravit
927 781 1159 840 Alexandri·
1187 780 1296 839 atomis
1312 780 1412 839 omnia
1437 777 1657 841 adscribebant.
1688 776 1748 836 liae
1763 795 1842 836 eon·

517 890 599 949 nus,
631 872 668 931 ob
699 872 782 948 gesta
806 873 837 929 et
861 870 967 929 merita
988 871 1161 931 illustriss
1187 868 1267 928 lutat
1296 888 1331 928 ex
1362 869 1468 927 ordine
1497 866 1700 944 pulcherrima
1724 866 1842 925 mundi

518 980 541 1024 s.
557 960 668 1021 Basilio
688 960 812 1035 aliisque
835 958 1004 1037 Magnus,
1029 959 1066 1019 ob
1090 958 1160 1019 doc·
1187 958 1345 1035 ipsiusque
1360 958 1614 1017 hominisnatnru
1630 955 1716 1018 (lid.
1732 956 1845 1013 Roch
1964 967 1965 1006 l

518 1050 629 1109 minam
651 1068 705 1108 as.
722 1049 884 1108 Athanasio
908 1049 1089 1118 ,catholicae
1104 1049 1160 1107 ilc·
1188 1047 1242 1106 Die
1258 1047 1369 1107 sturia
1390 1047 1443 1105 des
1459 1046 1533 1109 alex.
1549 1045 1583 1103 B.
1598 1044 1766 1121 Dionysius
1781 1044 1843 1103 dea
1964 1087 1965 1096 ,

517 1140 624 1199 clesiae
639 1139 812 1215 magister‘,
830 1157 847 1195 a
862 1138 968 1197 Rufino
985 1137 1160 1208 ,nobilissi
1187 1137 1236 1199 (ir.
1268 1136 1363 1195 Ueber
1385 1136 1434 1195 die
1449 1136 1556 1202 Natus,
1580 1134 1648 1192 eine
1669 1132 1843 1196 altcbriatl.
1964 1147 1965 1156 ¹

516 1247 583 1287 mus
599 1231 742 1306 patrnm‘
760 1226 859 1285 dictus
876 1230 930 1292 est.
960 1228 997 1287 In
1013 1228 1159 1303 martyro-
1187 1225 1419 1302 Wiederlegung
1425 1224 1479 1284 der
1490 1222 1843 1283 Atamistikllemokrite
1964 1221 1965 1252 l

517 1318 597 1395 logio
612 1334 733 1377 romano
749 1316 786 1374 ad
806 1326 854 1379 17.
871 1316 943 1375 Nar.
967 1316 1160 1392 praedicatur
1188 1315 1250 1372 und
1260 1313 1399 1391 Epiknrs‚
1417 1312 1643 1390 Ieipaig1882.
1658 1344 1704 1355 -
1718 1311 1806 1369 Libri
1820 1320 1840 1372 2

517 1424 671 1477 ,summae
695 1405 872 1465 eruditionis
898 1405 955 1477 vir,
981 1406 1033 1481 qai
1057 1405 1161 1463 multis
1187 1406 1255 1486 περὶ
1287 1402 1471 1482 ἐπαγγελιῶν
1507 1403 1543 1459 de
1575 1400 1842 1477 promanente«.

518 1494 750 1555 confessionibus
766 1494 866 1553 clarus
882 1496 913 1553 et
923 1512 976 1569 pro
992 1495 1160 1571 passionum
1188 1492 1313 1551 Causam
1323 1492 1483 1559 scribendi,
1494 1495 1598 1550 narrat
1606 1490 1758 1549 Eusebius
1768 1488 1840 1548 Vll.
1964 1523 1965 1530 κ

516 1582 972 1659 tormentorumquedivcrsitate
982 1582 1160 1660 magnificus
1190 1590 1241 1652 24,
1257 1580 1398 1657 praebuit
1419 1580 1546 1655 Nepos
1567 1579 1700 1655 quidam,
1716 1579 1839 1653 episeo-

517 1675 626 1750 plenus
640 1674 756 1732 dierum
771 1672 922 1731 consessor
940 1673 1056 1748 quievit
1073 1671 1160 1731 Vale·
1188 1665 1843 1751 pushegyptil),,quiprcmissionessanctis

517 1763 596 1821 riani
626 1763 657 1821 et
688 1761 815 1821 Gallieni
845 1762 916 1837 imp.
944 1760 1159 1837 temporibus‘
1189 1759 1362 1819 hominibus
1377 1758 1471 1818 facus
1493 1758 1527 1817 in
1541 1757 1654 1817 divinis
1669 1756 1841 1817 volumini·
1964 1775 1965 1844 j

520 1852 618 1910 Natus
641 1854 688 1911 est
711 1849 907 1911 Alexandriae
931 1851 1084 1910 nobilibus
1109 1868 1161 1925 pa·
1189 1848 1247 1907 bus
1258 1848 1380 1924 judaico
1396 1864 1487 1906 sanan
1502 1846 1683 1906 exhibendas
1707 1845 1841 1904 docebat

518 1940 655 2000 rentibus
666 1940 743 1999 circa
753 1960 778 2002 a.
792 1950 851 2003 190
869 1942 899 1998 et
908 1938 940 1997 in
950 1939 1162 2016 superstitione
1189 1940 1221 1995 et
1235 1937 1335 1998 nescio
1350 1940 1426 2013 quot
1439 1936 1524 1995 mille
1539 1952 1686 1995 annorum
1702 1934 1839 2010 spatirun

520 2030 637 2089 ethnica
666 2028 835 2090 institutus.
866 2028 912 2087 Ad
943 2029 1031 2087 fidem
1055 2028 1161 2087 Christi
1190 2026 1394 2101 corporalibus
1416 2025 1561 2084 refertum
1583 2023 1701 2083 deliciis
1723 2024 1758 2081 in
1780 2024 1841 2081 hac

519 2137 676 2178 conversus
692 2136 763 2176 eura
779 2116 921 2193 origenis,
947 2119 1012 2193 ejus
1035 2117 1161 2194 insignis
1188 2118 1270 2174 terra
1284 2115 1347 2175 fore
1362 2112 1535 2173 alfirmabat
1552 2114 1685 2189 Cumque
1696 2111 1839 2171 exJoan·

520 2208 580 2266 fuit
611 2207 783 2283 discipulus.
824 2206 969 2265 Omnibus
1002 2207 1162 2265 honoribus
1188 2204 1237 2263 nis
1252 2204 1434 2280 Apocalypsi
1454 2202 1624 2279 opinionem
1639 2219 1725 2261 snam
1741 2200 1840 2260 stabi·
1964 2201 1965 2286 p

519 2296 753 2371 muneribusque
760 2297 956 2371 renunciavit,
967 2314 1027 2371 quo
1037 2296 1162 2355 liberius
1189 2294 1244 2352 lire
1259 2312 1291 2351 se
1306 2310 1395 2369 possa
1406 2292 1599 2362 existimaret,
1615 2290 1727 2349 librum
1743 2308 1838 2367 quem

520 2384 742 2461 perfectiusque
773 2384 857 2459 sequi
882 2389 981 2460 posset
1003 2385 1162 2443 Christum.
1190 2382 1302 2442 dehac
1324 2382 1499 2458 quaestione
1522 2382 1728 2456 composuerat
1751 2373 1837 2461 (lle-

519 2474 683 2550 Presbyter
697 2472 851 2531 ordinatus
875 2474 1005 2533 scholam
1031 2474 1162 2533 cateche-
1189 2467 1271 2551 pos)
1292 2471 1524 2546 Gorrsiaotionem
1539 2469 1772 2546 allegoricarum
1787 2468 1837 2527 in·

520 2562 780 2639 tinamregendam
790 2563 1020 2637 poetHeraclsm
1031 2562 1164 2637 suscepit
1190 2560 1340 2635 scripsit‘
1357 2560 1401 2618 Ex
1417 2578 1453 2618 ea
1468 2561 1635 2637 fragmenta
1649 2557 1772 2616 exbibet
1783 2574 1836 2615 eo·

522 2672 547 2715 a.
565 2660 624 2715 231
644 2651 692 2709 vel
710 2660 782 2721 232,
801 2652 849 2709 cui
863 2654 894 2709 et
909 2652 940 2711 in
957 2650 1026 2710 sede
1045 2652 1162 2711 alexan·
1190 2650 1258 2708 dem
1274 2668 1297 2712 c.
1314 2651 1345 2708 et
1360 2649 1456 2724 capite
1475 2648 1623 2723 sequenti.
1654 2645 1712 2705 Hic
1726 2664 1797 2705 vero
1815 2647 1837 2709 l.

520 2739 608 2799 drina
630 2759 655 2798 a.
674 2748 737 2803 248
759 2740 911 2801 successit.
942 2739 1162 2799 Persecutionis
1190 2738 1303 2797 multos
1318 2738 1442 2814 decepit,
1468 2738 1562 2805 ,adeo
1577 2740 1614 2795 ut
1628 2736 1789 2794 schismata
1804 2738 1835 2793 et

520 2832 653 2905 tempore
669 2829 1163 2889 nonsemelexsuleeclesiamsibi
1191 2826 1377 2903 integrarum
1415 2825 1604 2885 ecclesiarum
1652 2823 1835 2883 defectiones

521 2918 707 2977 commissam
723 2918 956 2993 prudentissime
973 2919 1050 2978 rexit
1064 2918 1162 2977 etfor·
1190 2916 1323 2979 fierent‘
1355 2916 1451 2985 Quare
1481 2915 1614 2991 optimus
1645 2914 1775 2988 praesul,
1798 2916 1835 2972 ut

522 3008 594 3067 titer
610 3007 785 3083 udansque
804 3017 864 3070 264
882 3008 929 3066 vel
941 3016 1014 3070 265.
1031 3008 1098 3067 Zelo
1110 3006 1164 3066 sed
1190 3006 1255 3081 ipse
1270 3006 1372 3065 narrat
1387 3005 1437 3075 ib,
1453 3004 1546 3063 cosin
1556 3002 1738 3061 Arsinoitiaa
1746 3020 1834 3078 prae·

523 3100 554 3156 et
563 3096 656 3155 animi
666 3095 866 3156 moderatione
874 3091 897 3178 ¹)
910 3097 1058 3165 excelluit,
1073 3115 1162 3171 quam
1190 3094 1305 3153 lectura
1320 3094 1402 3155 adiit.
1435 3093 1528 3161 ,Cum
1545 3092 1625 3151 hunc
1640 3092 1661 3153 Ι.
1677 3094 1833 3166 tamquam

522 3186 654 3245 ostendit
670 3185 701 3243 in
710 3185 818 3253 turbis,
835 3204 909 3262 quas
920 3184 1163 3245 excitaruntllo·
1191 3186 1310 3242 scutum
1335 3182 1484 3259 quoddam
1509 3198 1691 3256 murumque
1714 3180 1834 3255 inexsp-

521 3274 684 3345 ratiani,
720 3275 943 3342 chiliastae,
972 3275 1163 3333 Sabellia-
1191 3272 1341 3346 gnabilem
1356 3271 1430 3330 mihi
1446 3270 1663 3346 apposuissent,
1684 3271 1747 3327 tres
1763 3286 1831 3328 con·

522 3364 569 3432 ni,
594 3363 688 3421 Paul
698 3382 741 3421 ns
765 3368 969 3423 samosatenus
986 3367 1016 3422 et
1031 3362 1163 3439 rebapti-
1191 3362 1292 3421 tinuos
1308 3361 1373 3419 dies
1389 3380 1406 3419 a
1420 3361 1516 3436 prima
1530 3360 1598 3417 luce
1613 3358 1832 3433 usqueadvea·

522 3454 622 3509 zentm
647 3452 684 3509 ab
709 3452 866 3511 haereticis
893 3453 1067 3527 baptizatos,
1099 3451 1163 3528 paci
1191 3470 1291 3526 peram
1306 3470 1374 3509 aum
1383 3449 1457 3525 ipsis
1468 3448 1582 3517 sedens,
1594 3465 1792 3523 quaecunque
1801 3447 1831 3505 in

524 3539 672 3598 Ecclesiae
688 3540 813 3599 studens
830 3541 1164 3617 sollicitudinepaterua
1191 3558 1225 3599 eo
1241 3540 1318 3597 libro
1328 3538 1440 3613 scripta
1448 3540 1542 3607 erant,
1552 3536 1704 3595 discutere
1712 3554 1831 3613 aggres-

524 3630 555 3687 et
570 3628 697 3702 scriptis.
715 3629 810 3687 llulta
826 3630 946 3705 quidem
963 3629 1094 3706 scripsit,
1112 3630 1163 3689 sed
1191 3647 1243 3688 sus
1259 3636 1363 3687 sumz‘
1389 3629 1421 3685 et
1444 3626 1565 3702 quidem
1588 3624 1667 3684 felici
1682 3642 1830 3694 successu,

524 3717 684 3776 dolendum
717 3736 838 3793 operum
865 3736 1020 3794 superesse
1044 3722 1163 3777 tantum
1190 3736 1259 3775 nam
1274 3717 1381 3776 fratres
1397 3720 1531 3774 errantes
1547 3715 1584 3773 ad
1597 3717 1712 3773 reatum
1729 3714 1830 3772 trami-

524 3807 698 3883 lragmenta.
714 3807 835 3865 Potiora
851 3811 922 3865 sunt
932 3808 1033 3866 brevis
1050 3809 1164 3866 Scholia
1190 3810 1251 3865 tem
1281 3805 1440 3868 revocavit.
1470 3804 1512 3863 Ea
1542 3803 1693 3862 occasione
1724 3802 1830 3861 nititur

523 3898 555 3954 ln
572 3896 762 3955 Ecclesiastae
781 3898 876 3970 1-3,
896 3900 945 3973 11,
969 3915 1044 3971 qaae
1061 3898 1164 3956 haberi
1191 3914 1226 3954 ex
1256 3894 1424 3953 rationibus
1455 3893 1582 3952 internis
1613 3892 1778 3961 ostendere,
1807 3910 1828 3955 s.

522 3991 652 4062 possunt
675 3985 766 4044 clavis
792 3986 888 4045 instar
909 3986 946 4044 ad
969 3986 1164 4061 aperiendum
1191 3985 1336 4044 loannem
1351 4004 1397 4059 ap.
1414 3980 1828 4058 Apocalypsisnoneaseauc-

524 4074 614 4151 hujus
631 4074 701 4132 libri
716 4074 847 4133 difficilis
863 4073 1022 4153 sensum2).
1037 4110 1079 4119 -
1096 4076 1162 4133 Ele·
1191 4077 1302 4132 tarem:
1319 4073 1433 4131 fatetur
1449 4074 1549 4130 tamem
1565 4070 1661 4129 sancti
1677 4068 1827 4145 cujusdam

524 4162 696 4239 gantissimi
721 4164 752 4221 ll.
777 4166 843 4246 περὶ
859 4166 976 4247 phesur
1001 4166 1035 4223 de
1055 4172 1162 4223 natura
1191 4166 1221 4221 et
1238 4162 1339 4221 divino
1356 4161 1472 4237 Spiritu
1487 4159 1581 4219 afflati
1601 4154 1828 4241 (deomebcroa)

523 4252 560 4309 ad
584 4250 780 4314 Timotheum.
812 4254 853 4310 Ex
878 4253 1063 4330 fragmentis,
1087 4272 1163 4329 quae
1190 4252 1222 4310 id
1238 4270 1313 4327 opus
1330 4269 1404 4321 esse,
1431 4248 1544 4325 quique
1568 4250 1598 4307 et
1622 4248 1686 4323 ipse
1702 4246 1826 4312 Joannss

522 4340 609 4399 nobis
625 4343 788 4401 asservavit
802 4342 949 4401 Eusebius
973 4343 1009 4401 de
1030 4362 1163 4419 praepar.
1191 4345 1321 4400 vocetur.
1352 4340 1394 4398 Ea
1424 4339 1501 4398 farte
1532 4337 1682 4397 occasione
1704 4337 1827 4413 scripsit,

523 4448 626 4506 evang.
650 4430 668 4492 l.
696 4438 734 4493 14
760 4449 798 4493 cc.
817 4440 945 4494 22—27
970 4428 1018 4513 (ef.
1035 4431 1164 4490 Routh
1194 4499 1338 4506 “m-

521 4519 583 4582 Rel.
600 4536 623 4578 s.
639 4518 705 4593 ΝΞ,
731 4516 919 4601 ass—437)
942 4520 1039 4597 liquet
1063 4521 1162 4596 ipsum

521 4609 553 4668 in
569 4628 603 4668 eo
626 4627 716 4685 opere
740 4609 910 4685 disputasse
933 4611 1075 4669 adversus
1091 4610 1162 4685 Epi·
1229 4589 1248 4636 ¹³
1262 4582 1302 4635 De
1323 4599 1356 4634 ⁰⁰
1375 4581 1508 4649 ahoquin
1520 4580 1675 4648 Di⁰¹¹5⁸i¹¹⁸
1694 4596 1752 4633 ¹¹⁰¹¹
1772 4579 1826 4631 ⁸5⁸²

522 4716 654 4771 curaeos,
671 4699 724 4773 qui
740 4698 957 4774 providentiam
974 4700 1124 4777 negabant
1134 4703 1164 4757 et
1189 4650 1826 4795 iffi·132¹ffiggssffdifflgmbssfflmffi

521 4820 674 4830 ---
1192 4797 1329 4867 Nepotem
1352 4815 1386 4851 ac
1408 4796 1500 4865 diligo
1523 4814 1588 4849 curn
1610 4797 1729 4865 propter
1741 4793 1825 4854 fidem,

562 4870 579 4927 ¹l
593 4866 666 4920 Krll
675 4887 694 4937 g
703 4884 738 4920 er
759 4879 772 4932 t
786 4875 820 4925 63
845 4868 897 4921 Die
911 4868 1052 4922 Schriften
1068 4869 1117 4921 des
1130 4869 1162 4921 Ι).
1191 4872 1252 4921 tum
1266 4868 1302 4921 ob
1316 4868 1498 4937 diligentium
1518 4870 1548 4920 et
1566 4866 1696 4919 studium
1708 4865 1824 4935 Scriptu-

523 4937 586 4991 sind
601 4938 651 4991 der
665 4944 744 4992 treus
758 4940 872 5009 Spiegcl
891 4940 968 4992 sinas
981 4940 1031 4995 lrlu
1054 4956 1090 4992 en
1103 4941 1162 4995 und
1190 4942 1459 5009 rarum;postren10
1480 4938 1517 4991 oh
1536 4939 1712 5008 psalmorum
1731 4937 1825 4989 cantus

522 5009 713 5086 besonncnen,
740 5010 836 5080 jedem
869 5010 983 5065 lintrem
1019 4959 1163 5066 siboldus
1191 5010 1361 5083 (ψαλμῳδὶας)
1375 5008 1560 5079 multiplices,
1574 5008 1682 5077 quibus
1701 5007 1824 5078 plerique

523 5080 702 5134 t'harakiers.
1191 5100 1224 5133 ex
1238 5082 1377 5134 fratribus
1391 5082 1549 5134 etiamnum
1559 5094 1735 5150 magnopere
1742 5078 1824 5132 delec-

560 5152 1118 5225 spos.l‘essler-Jung1nannsrs.
1191 5156 1314 5213 tantur.“
