4350 5934
387 630 442 683 881
745 611 901 683 'theologia
915 616 1052 687 practica.
1066 611 1325 668 rauco-isidorus.
1631 630 1692 683 352

386 803 439 859 aut
456 809 528 869 504,
548 800 635 873 juata
659 800 775 877 aliquos
801 812 829 864 3.
846 802 930 862 biart.
949 800 1024 882 532)
1056 801 1216 861 dubitabat
1230 800 1426 879 genuiuitate.
1452 797 1583 857 Dubium
1599 799 1694 874 quod·

385 889 430 947 ed.
445 909 463 947 a
478 889 507 951 (i.
523 889 559 947 da
576 886 706 949 Smedt
737 890 770 948 in
790 891 875 952 Anal.
891 891 1025 951 Boliaud.
1053 891 1121 951 dam
1146 891 1304 950 moverunt
1325 888 1390 948 Nic.
1414 888 1451 947 de
1475 888 1573 947 cusa
1594 890 1625 946 et
1647 889 1695 950 Jo.

390 988 481 1042 1888.
499 978 562 1048 VII,
585 986 765 1041 172—249.
781 1014 824 1023 -
842 979 1025 1041 Gislema·
1053 979 1325 1057 Torquemada,
1341 978 1393 1037 sed
1409 976 1493 1036 nulio
1509 976 1617 1037 fructu.
1633 976 1695 1037 Sec.

385 1086 465 1125 aum
482 1068 514 1126 Ο.
531 1068 559 1132 S.
575 1068 646 1127 Ben.
662 1068 838 1127 monacham
854 1068 1026 1130 aliermont
1054 1070 1120 1129 IIVI
1142 1072 1306 1147 coeperunt
1327 1067 1385 1126 viri
1408 1066 1504 1125 critici
1524 1084 1626 1125 eorum
1643 1086 1694 1143 ge·

385 1156 421 1215 de
439 1157 533 1215 Pratis
552 1152 583 1240 (†
600 1152 687 1237 886),
711 1158 797 1233 cujus
820 1161 868 1216 est
892 1159 978 1218 exilis
996 1162 1026 1217 et
1052 1159 1234 1218 nuinitatem
1249 1154 1441 1219 solidioribus
1456 1156 1488 1213 in
1504 1154 1631 1214 dubium
1643 1174 1694 1214 vo·

385 1264 445 1305 non
464 1246 564 1324 magni
586 1246 678 1321 pretii
701 1248 757 1305 vita
773 1266 796 1305 a.
813 1247 964 1307 Drootovci
979 1249 1023 1313 ab.
1054 1266 1120 1307 eure
1143 1246 1323 1316 rationibus,
1348 1249 1379 1304 et
1403 1265 1420 1304 a
1444 1263 1500 1304 sec.
1525 1244 1630 1304 XVIII.
1645 1245 1695 1304 vir

386 1334 526 1395 basilicae
542 1352 565 1391 s.
581 1334 731 1394 Viacentii
753 1336 786 1395 iu
809 1337 955 1396 suburbio
971 1338 1025 1396 Pa·
1053 1336 1130 1396 forte
1145 1336 1254 1413 aliquis
1270 1336 1337 1406 erit,
1354 1336 1407 1409 qui
1423 1354 1488 1393 eam
1504 1334 1582 1393 serio
1600 1331 1695 1392 adhuc

385 1424 501 1495 aisiaco,
512 1444 587 1501 quae
595 1427 698 1500 postea
706 1444 729 1487 s.
737 1424 875 1484 Germani
883 1426 1025 1497 eatdiota,
1053 1428 1185 1485 tueatur.
1217 1424 1303 1495 Quod
1329 1442 1397 1482 vero
1413 1422 1595 1483 collectionis
1610 1441 1693 1482 aue·

385 1514 430 1573 ed.
446 1514 478 1573 in
495 1516 558 1573 Act.
582 1513 631 1573 SS.
652 1525 700 1577 10.
723 1514 808 1576 Mart.
824 1514 861 1585 11,
880 1524 1025 1586 37-40;
1054 1519 1175 1575 torem
1205 1517 1330 1590 spectat,
1354 1532 1389 1571 ea
1413 1512 1500 1571 initio
1525 1511 1645 1588 quidem
1671 1531 1694 1570 s.

385 1605 417 1663 in
434 1602 659 1662 Msbiilonii
676 1602 774 1673 Acti,
789 1612 978 1676 252-2573
994 1605 1026 1663 in
1053 1604 1210 1663 Isidoro
1225 1602 1388 1680 hispalensi
1404 1600 1695 1677 t1·ihuebatur,quod

385 1692 448 1751 Ma.
466 1692 515 1755 SS.
530 1710 586 1753 rer.
602 1710 711 1753 meror.
723 1691 775 1765 III,
795 1702 968 1757 535-543
980 1694 1026 1755 ed.
1054 1692 1086 1751 in
1102 1693 1283 1768 praefatione
1300 1693 1366 1768 ejus
1381 1694 1563 1767 compareret
1577 1708 1693 1761 nomeu,

385 1782 544 1841 Krnsch.
561 1814 603 1825 -
620 1780 886 1841 hiarcuardum
903 1782 935 1841 0.
952 1783 979 1846 S,
992 1784 1026 1841 B.
1054 1784 1085 1841 et
1100 1800 1135 1841 ea
1150 1801 1253 1842 revera
1274 1781 1421 1841 niteretur
1442 1779 1568 1855 quadam
1590 1779 1695 1839 colico·

385 1871 519 1930 abbatem
529 1870 731 1947 prumiensem
740 1868 923 1949 (masam.
937 1866 1024 1953 853),
1053 1871 1136 1929 tione
1167 1872 1307 1948 hispana:
1346 1889 1436 1947 quam
1475 1886 1543 1928 oum
1568 1868 1694 1927 Bioni-

387 1961 473 2035 oujus
496 1959 573 2019 iorte
597 1962 643 2019 est
666 1961 819 2019 translatio
842 1960 890 2021 SS.
914 1960 1025 2037 dhry-
1054 1958 1694 2037 phasarchiepiscopusmoguntinua787·

385 2050 518 2109 santhi
543 2052 574 2107 et
599 2048 739 2107 Duriae
761 2049 829 2113 bibl.
851 2043 883 2132 (†
905 2068 929 2108 o.
947 2044 1024 2131 283)
1056 2046 1133 2130 814)
1149 2068 1203 2126 per
1218 2049 1329 2109 Gallias
1353 2047 1472 2125 vulgari
1496 2048 1639 2117 curasset,
1663 2049 1693 2106 et

385 2137 637 2197 ItomainNorum
645 2134 1026 2221 hIouasterium(lIiinster·
1053 2138 1120 2215 ipse
1135 2142 1241 2198 auctor
1256 2138 1378 2197 habitus
1394 2141 1447 2197 est.
1472 2137 1578 2195 Postea
1593 2135 1625 2194 iu
1642 2153 1693 2194 eu·

384 2228 455 2287 elisi
471 2227 508 2287 ed
524 2226 591 2285 first
605 2222 744 2309 fluvium)
760 2228 791 2285 in
808 2228 839 2285 P.
849 2227 880 2286 L.
897 2228 1025 2304 iligna
1053 2227 1215 2303 spioionem
1239 2227 1336 2287 vocati
1359 2229 1431 2285 sunt
1454 2224 1694 2284 Benedictus

289 2381 291 2387 k
386 2316 481 2387 CXXI,
515 2326 706 2387 ora—6823
741 2316 821 2391 apud
852 2316 964 2376 Floss
995 2317 1025 2374 in
1053 2316 1166 2387 Lenta,
1204 2317 1390 2394 Otgarius
1430 2334 1484 2374 seu
1516 2314 1691 2391 Autgarius,

384 2407 520 2465 Annaien
545 2405 597 2463 des
621 2405 725 2465 histor.
748 2404 871 2465 Vereins
896 2405 947 2463 fiir
969 2406 1025 2463 deu
1053 2406 1206 2465 Weniio
1231 2406 1415 2476 senonensis,
1432 2405 1563 2479 Lupus
1589 2402 1692 2462 Serea-

386 2494 582 2553 Niederrhein
601 2503 694 2565 1869,
711 2493 771 2563 XX,
793 2502 934 2558 ira-183
958 2514 1026 2553 eum
1053 2496 1113 2566 tus,
1131 2495 1317 2554 aldricus
1332 2495 1694 2571 episcopuscenomaneu·

386 2583 1026 2646 commentario—Constantinum'iii
1054 2584 1095 2643 sis
1128 2580 1171 2665 (fi.
1196 2603 1219 2644 c.
1252 2580 1339 2665 840),
1371 2582 1455 2653 libo,
1486 2582 1693 2653 Rothadns,

387 2668 783 2756 (Tion)episcopum(879),
799 2673 886 2749 cujus
902 2674 1026 2731 historia
1054 2672 1268 2745 Wulfadus,
1298 2672 1516 2732 Leodaldus
1541 2671 1693 2740 diaconus,

387 2762 519 2837 eorporis
528 2761 835 2837 alluphamiaeV,
845 2766 876 2820 et
885 2762 922 2825 M.
933 2756 1024 2843 (303)
1054 2766 1183 2837 uterque
1199 2762 1432 2822 Hincmarus
1448 2764 1503 2821 etc.
1520 2791 1563 2803 -
1578 2760 1694 2819 Pariter

386 2851 503 2927 saepius
519 2851 656 2911 transisti
680 2850 792 2929 legitur
813 2869 917 2926 graece
938 2856 969 2909 et
984 2851 1026 2908 la·
1054 2850 1239 2911 dissentiunt
1263 2850 1374 2911 eruditi
1390 2850 1454 2909 siva
1469 2849 1547 2909 circa
1570 2848 1693 2907 locum

386 2944 448 3000 tine
472 2940 503 2998 in
520 2942 585 3003 Act.
610 2940 659 3003 SS.
686 2952 735 3004 18.
757 2941 835 3016 Sept.
859 2940 892 3011 V,
918 2950 1026 3004 274-
1054 2940 1179 3017 originis
1195 2941 1287 3017 hujus
1303 2939 1495 3009 collectionis,
1518 2956 1594 3015 quae
1606 2938 1694 3013 juxta

388 3040 449 3093 283
467 3033 521 3089 etc.
1053 3028 1128 3088 alios
1144 3029 1257 3105 prodiit
1273 3030 1320 3089 vel
1330 3028 1511 3108 hloguntiae,
1527 3026 1575 3086 vel
1584 3025 1692 3096 Remis,

1053 3118 1101 3177 vel
1117 3119 1197 3195 apud
1212 3119 1414 3193 Oenomaunos
1436 3121 1507 3187 ete,
1532 3116 1595 3175 sire
1617 3116 1694 3174 circa

430 3218 502 3271 472.
518 3209 586 3267 Iam
609 3208 762 3268 veniamus
785 3208 822 3267 ad
845 3207 1024 3285 theologiam
1054 3208 1273 3285 suppositionis
1290 3211 1449 3285 tempus,
1467 3204 1547 3282 qaod
1563 3208 1610 3263 sat
1625 3225 1692 3281 pro·

383 3298 604 3374 practicam.
629 3297 717 3357 Haud
732 3297 819 3375 pauci
836 3315 961 3357 canones
977 3298 1026 3355 rel
1053 3296 1194 3355 babiiiter
1223 3301 1271 3357 est
1300 3298 1379 3357 oiroa
1409 3314 1465 3356 seo.
1489 3295 1538 3355 IX.
1561 3295 1692 3353 medIum

385 3386 716 3447 statutsedideruntvei
723 3387 917 3464 collegerunt.
925 3386 1024 3445 Primo
1053 3380 1268 3468 (847-856).
1283 3420 1327 3430 -
1342 3387 1377 3445 Id
1387 3383 1693 3461 verojemapuderu·

383 3477 451 3535 loco
468 3476 667 3535 nominandus
694 3480 773 3535 esset
797 3475 929 3536 famosas
953 3475 1023 3534 Isi·
1052 3473 1132 3533 ditos
1149 3476 1295 3547 convenit,
1312 3474 1528 3553 suppositionis
1549 3474 1693 3551 originem

383 3566 498 3625 dorus
515 3559 729 3647 Mercator(vel
740 3561 900 3647 Peccator),
918 3563 943 3623 si
955 3582 1023 3623 con·
1053 3582 1150 3640 neque
1166 3565 1365 3639 quaerendam
1383 3583 1448 3625 esse
1464 3563 1692 3642 inltaiiageue·

384 3658 477 3713 staret
491 3655 560 3730 quis
577 3655 633 3713 sub
650 3672 683 3713 eo
699 3654 819 3713 nomine
841 3655 940 3715 lateat.
964 3654 1023 3713 Alii
1051 3653 1150 3722 ratim,
1174 3672 1272 3729 neque
1294 3654 1448 3730 speciatim
1464 3652 1580 3722 Itomae,
1602 3656 1693 3729 atque

384 3745 476 3802 alium
494 3744 686 3819 suspicantur
695 3743 878 3803 collectionis
893 3743 1023 3803 decreta·
1051 3760 1124 3804 rom.
1140 3743 1295 3817 pontifices
1310 3744 1425 3803 nullam
1446 3744 1478 3801 iu
1499 3760 1534 3801 ea
1550 3743 1692 3819 compila-

385 3834 459 3891 lium
477 3833 533 3892 sub
549 3834 614 3909 ejus
631 3832 750 3892 nomine
767 3832 906 3910 vulgatae
922 3836 1023 3892 aucta·
1051 3831 1132 3890 tione
1162 3832 1303 3892 habuisse
1341 3836 1465 3909 partem,
1504 3832 1692 3908 primumque

384 3940 455 3980 rem.
486 3922 564 3981 Haec
587 3922 731 3992 collectio,
756 3940 831 3997 quae
861 3922 893 3979 in
923 3922 1023 3998 dupii-
1051 3920 1228 3996 pontificem,
1245 3921 1298 3997 qui
1314 3940 1359 3997 ep.
1374 3921 1515 3981 decretali
1530 3921 1693 3997 spuriahac

383 4011 409 4069 ci
441 4011 610 4071 recensione
642 4014 706 4069 exst
724 4015 746 4081 t,
778 4011 906 4088 longlari
933 4016 1024 4087 atque
1051 4009 1224 4068 collectione
1234 4011 1443 4087 comprehensa
1451 4028 1524 4069 usus
1535 4010 1583 4079 sit,
1599 4008 1692 4067 fuisse

382 4100 519 4172 breviori,
558 4099 766 4177 compiectItur
797 4118 886 4175 qnam
928 4101 1022 4176 pluri-
1052 4097 1237 4157 Hadrianum
1261 4099 1298 4158 II.
1324 4095 1354 4179 (†
1372 4095 1457 4179 872),
1481 4100 1541 4157 imo
1566 4098 1692 4156 eGaiiia

383 4208 444 4247 mas
470 4208 658 4249 romanorum
683 4188 857 4266 pontificum
882 4190 1023 4266 epistolas
1051 4187 1181 4262 primum
1197 4186 1298 4246 illatas
1314 4206 1376 4246 esse
1391 4204 1502 4247 merces
1525 4186 1692 4264 pseudoisi-

383 4278 530 4350 confietas,
556 4297 641 4355 quae,
668 4279 694 4336 si
720 4277 874 4337 materiam
899 4283 1022 4355 spectes,
1051 4274 1189 4334 dorianas
1206 4276 1336 4339 Romm
1357 4276 1434 4335 Hinc
1449 4276 1498 4335 vel
1514 4275 1690 4353 prudentio-

383 4386 470 4443 saepe
495 4388 530 4427 cx
556 4368 758 4427 monumentis
781 4367 960 4426 authenticis
977 4368 1023 4426 vel
1051 4382 1098 4423 res
1125 4368 1324 4442 protestantes
1350 4365 1524 4435 concedunt,
1550 4365 1691 4441 compila-

383 4458 522 4533 geunInis
547 4458 671 4516 haustae
694 4459 725 4514 et
744 4457 919 4531 compilatae
942 4460 1022 4527 suut,
1051 4453 1142 4513 tionis
1159 4454 1249 4530 hujus
1266 4472 1387 4530 scopam
1409 4454 1583 4513 nullatenus
1598 4454 1691 4512 tuisse

383 4546 434 4605 sed
450 4546 524 4605 laiso
540 4550 755 4621 supponuntur
775 4545 907 4621 antiquis
923 4545 1023 4621 ponti·
1051 4561 1157 4620 urgere
1194 4543 1371 4619 apostolicae
1409 4542 1487 4601 sedis
1518 4544 1690 4618 primatum,

383 4634 496 4705 ficibus,
522 4653 556 4694 ac
581 4635 607 4694 si
632 4635 669 4693 ab
694 4634 741 4693 his
764 4634 894 4693 fuissent
917 4634 1023 4693 editae.
1050 4632 1193 4706 ampliare
1203 4633 1337 4708 ejusdem
1345 4634 1423 4709 jura,
1434 4650 1543 4709 augere
1560 4630 1691 4707 ejusdem

382 4722 513 4783 invaluit
529 4743 563 4783 ea
578 4724 708 4799 primum
730 4724 824 4782 altero
841 4741 898 4783 sec.
914 4724 962 4782 lx.
979 4724 1023 4781 di·
1051 4724 1238 4795 potestatem,
1250 4721 1302 4781 sed
1312 4723 1412 4797 potius
1424 4722 1541 4796 (saltem
1551 4740 1585 4779 ex
1596 4719 1691 4797 parte)

382 4812 473 4872 midio
497 4832 549 4889 per
573 4813 708 4883 Galliam,
740 4812 809 4871 inde
840 4813 1024 4872 transierant
1051 4809 1128 4868 tueri
1147 4810 1353 4886 episcoporum
1364 4810 1585 4888 jurandaersus
1600 4809 1691 4869 laico·

383 4902 484 4976 plnres
501 4902 643 4978 epletoiae
659 4901 821 4961 decretales
837 4902 870 4960 in
881 4901 953 4960 alias
963 4902 1023 4959 col·
1050 4899 1692 4977 rumeteubIndemetropolitanorumnsur-

383 4990 535 5063 lectiones,
552 4992 585 5049 in
600 4992 698 5067 ipsum
712 4990 846 5050 Gratiani
862 4990 1022 5059 decretum,
1050 4987 1196 5063 patience,
1213 5007 1322 5065 eosque
1338 4988 1481 5048 adversus
1505 4987 1595 5047 nimis
1611 4988 1691 5046 leves

382 5082 470 5154 atque
486 5080 529 5139 ita
543 5083 646 5139 nactae
663 5084 735 5139 sunt
750 5080 965 5149 auctoritatem,
977 5081 1023 5137 at·
1050 5077 1239 5153 injustasque
1269 5077 1458 5153 praemunire
1481 5077 1690 5139 accusationes.

384 5187 442 5244 que
458 5172 522 5227 toto
546 5169 643 5229 medio
667 5187 739 5228 aevo
762 5187 849 5227 nemo
870 5168 906 5227 de
922 5187 1024 5228 earum
1054 5166 1124 5244 figit
1148 5171 1248 5226 autem
1264 5166 1530 5227 Pseudo-Isidorus
1554 5167 1587 5225 in
1610 5166 1692 5224 hisce
