4350 5934
983 1896 1069 1995 VI.

601 2076 879 2215 Scriptores
913 2077 1239 2189 ecclesiastici
1265 2078 1423 2190 seculi
1448 2078 1500 2191 V.

733 2272 843 2370 Pars
875 2273 1008 2393 prior
1029 2275 1325 2407 (4⁰¹ss‘431l·

992 2526 1100 2535 ——a

426 2679 497 2734 127.
512 2670 603 2729 Aetas
625 2688 715 2728 aurea
737 2668 902 2748 theologiae
918 2670 1017 2729 catho·
1046 2689 1214 2748 maguaque
1230 2670 1312 2747 apud
1321 2670 1504 2747 Eutychium
1515 2670 1688 2747 episcopum

376 2760 460 2829 lirae,
484 2777 561 2835 qnae
583 2776 652 2817 cum
673 2776 752 2818 cone.
771 2759 894 2818 nicaeno
911 2758 1017 2835 eoepit,
1046 2758 1368 2836 eleutheropolitanam
1391 2760 1488 2819 valuit
1503 2760 1689 2825 auctoritate.

376 2847 499 2907 durarit
520 2852 552 2907 et
573 2866 628 2923 per
645 2848 701 2907 hoc
716 2848 860 2907 seculum.
890 2847 962 2907 Item
985 2850 1019 2905 iu
1046 2846 1131 2907 Vitae
1146 2848 1303 2908 sanctitate
1326 2851 1357 2907 et
1379 2849 1530 2908 doctrinae
1548 2848 1625 2907 lama
1645 2848 1689 2907 ita

377 2936 624 3013 duaspartiemur
638 2936 786 3011 periodos,
803 2955 931 3012 quarum
938 2936 1019 3013 prior
1046 2936 1196 3008 inclaruit,
1214 2940 1249 2995 ut
1263 2938 1297 2997 in
1312 2937 1483 3013 episcopum
1500 2937 1688 2997 constantiae

377 3026 415 3085 ad
431 3025 588 3085 concilium
604 3044 700 3101 nsque
715 3024 890 3101 ephesinum
905 3024 1018 3102 pertiu-
1031 3085 1034 3128 Ι
1048 3044 1102 3085 sen
1119 3024 1292 3097 salaminae,
1319 3045 1394 3101 quae
1418 3027 1452 3085 in
1477 3026 1566 3102 (typri
1588 3025 1689 3085 insula

377 3116 435 3193 git,
457 3115 544 3191 cujus
566 3114 653 3189 lapsu
671 3114 799 3191 agitatae
814 3117 886 3173 sunt
901 3116 1018 3173 contro·
1031 3131 1034 3148 ¹
1047 3112 1220 3191 metropolis
1242 3118 1314 3186 erat,
1334 3135 1359 3173 a.
1377 3124 1438 3179 367
1457 3114 1549 3174 fuerit
1564 3114 1688 3174 alectus.

377 3203 679 3279 versiaepraasertim
693 3204 730 3261 de
746 3203 845 3281 gratia
859 3206 890 3263 et
899 3206 1019 3279 peccato
1047 3203 1261 3279 Episcopatum
1286 3221 1368 3272 ,non
1393 3204 1492 3263 solum
1516 3204 1594 3262 vitae
1619 3221 1688 3263 con·

378 3292 534 3369 originali3
564 3292 658 3351 altera
688 3293 901 3369 complectetur
926 3292 1019 3351 seculi
1046 3292 1176 3351 versatio
1192 3292 1230 3350 ob
1246 3292 1377 3351 virtutes
1388 3292 1519 3352 reddidit
1529 3292 1688 3363 illustrem,

378 3382 469 3458 hujus
478 3381 639 3456 reliquum,
656 3400 716 3457 quo
729 3384 777 3441 tot
789 3381 925 3440 haereses
935 3399 1019 3440 excr-
1048 3400 1152 3441 verum
1168 3384 1199 3440 et
1213 3381 1364 3453 miracula,
1382 3400 1458 3457 quae
1473 3380 1563 3455 Deus,
1579 3382 1690 3440 honora

377 3474 427 3529 tae
442 3474 515 3529 eunt
530 3470 762 3547 christologicae.
792 3470 920 3529 Initium
934 3469 1019 3530 duci·
1047 3469 1135 3529 illum
1145 3470 1259 3529 afficere
1269 3471 1383 3543 rolens,
1399 3470 1466 3547 ipso
1476 3469 1573 3531 adhue
1586 3488 1689 3545 super-

378 3578 448 3619 mus
469 3579 489 3618 a
505 3560 634 3635 quatuor
650 3559 775 3618 summis
791 3559 928 3636 putribus
944 3576 1019 3633 quo·
1048 3558 1118 3618 stite
1134 3562 1165 3617 et
1180 3562 1250 3636 post
1265 3560 1383 3620 obitum
1398 3561 1473 3635 ejus,
1500 3557 1596 3620 edidit
1612 3558 1690 3635 (So-

378 3668 447 3707 rnm
469 3648 529 3707 dno
546 3648 705 3721 Orientem,
728 3648 780 3706 alii
803 3647 863 3707 duo
885 3647 1020 3707 illustra-
1047 3668 1231 3709 acmenns
1254 3648 1291 3711 H.
1306 3650 1339 3708 E.
1354 3648 1419 3720 vn,
1439 3646 1524 3725 27).‘
1554 3643 1591 3706 In
1607 3649 1692 3706 tanta

378 3738 452 3797 runt
467 3736 667 3799 Occidentem.
681 3770 725 3779 -
740 3738 808 3813 Ipso
831 3737 954 3797 ineunte
973 3755 1019 3796 se·
1048 3738 1195 3815 dignitate
1219 3738 1418 3797 monasticum
1449 3736 1543 3796 coluit
1567 3734 1691 3795 institn-

379 3826 447 3886 eulo
463 3820 556 3909 (403)
577 3825 654 3885 obiit
675 3826 861 3885 venerandus
885 3844 974 3885 senex
997 3845 1019 3886 s.
1047 3830 1122 3895 tum,
1153 3826 1251 3886 multu
1281 3826 1448 3885 aedificavit
1477 3844 1530 3901 par
1561 3824 1692 3885 insulam

378 3914 624 3991 Epiphanius
657 3934 681 3973 c.
707 3924 769 3979 315
795 3914 1020 3990 Eleutheropoli
1032 3913 1035 3996 l
1048 3915 1196 3987 coenobia,
1212 3916 1391 3974 monasteria
1405 3914 1589 3974 Palaestinae
1606 3932 1692 3989 saepe

378 4004 413 4064 in
430 4003 546 4063 Judaea
566 4005 665 4067 natus.
694 4006 721 4063 A
741 4006 905 4079 juventute
930 4003 1020 4062 sacris
1032 4003 1035 4044 ¹
1049 4002 1153 4063 inrisit
1168 4008 1199 4063 et
1213 4004 1385 4080 frequentes
1402 4003 1439 4063 ad
1449 4002 1605 4063 monachos
1621 4002 1692 4061 lite·

379 4092 520 4151 incubuit
529 4092 626 4151 literis
635 4090 883 4169 addiscendisqne
898 4051 1098 4169 linguis',lras
1130 4092 1221 4157 dedit.
1260 4093 1332 4152 Cum
1364 4091 1511 4170 singulari
1541 4090 1693 4149 frueretur

381 4200 509 4257 quarum
547 4199 697 4257 graecam,
743 4200 857 4258 syram,
896 4181 1020 4240 hebrae·
1033 4201 1036 4266 j
1049 4181 1130 4258 apud
1140 4182 1260 4257 Cyprios
1276 4180 1462 4251 auctoritate,
1486 4180 1601 4239 iactum
1615 4180 1693 4239 forte

379 4289 445 4339 am,
483 4263 687 4346 aegyptiacam
718 4266 888 4351 (copticam)
919 4272 951 4329 et
988 4273 1037 4328 exi
1051 4274 1105 4341 est,
1122 4264 1275 4330 ntValens
1291 4270 1362 4346 imp.
1378 4270 1496 4329 arianae
1511 4268 1626 4329 haeresi
1641 4262 1693 4345 pess

378 4363 466 4434 parte
488 4358 580 4416 etiam
602 4358 726 4417 latim
749 4360 886 4419 calluisse
901 4347 1134 4419 dicitur.lnitus
1165 4358 1312 4430 addictus,
1346 4359 1400 4437 qni
1430 4361 1477 4417 tot
1507 4358 1693 4419 venerandos

380 4451 407 4507 A
429 4466 451 4507 a.
479 4446 634 4505 Hilarione
656 4448 799 4507 monacho
821 4448 855 4507 in
876 4448 1022 4507 sanctiore
1034 4431 1037 4560 ἱ
1050 4448 1203 4527 praesules
1219 4447 1340 4507 sedibus
1356 4448 1418 4507 anis
1433 4448 1605 4524 popellerat,
1621 4446 1693 4522 Epi·

379 4536 443 4595 vita
466 4536 630 4596 institutus
653 4536 824 4613 Aegyptum
848 4537 925 4596 adiit
947 4536 1195 4636 cele-'phanium
1219 4539 1342 4613 tangere
1364 4554 1424 4596 non
1447 4536 1579 4596 auderet.
1609 4534 1693 4595 Fidei

380 4624 826 4701 brioreequeinvisiteremites.
842 4626 1022 4685 Adolescens
1035 4659 1038 4714 Ι
1051 4625 1113 4685 zelo
1130 4626 1236 4685 ardens
1259 4626 1355 4685 ranas
1376 4644 1532 4705 aggressus
1556 4629 1602 4683 est
1623 4624 1694 4683 hee·

379 4730 405 4771 e.
423 4722 464 4777 20
488 4731 635 4773 annorum
650 4713 904 4790 Eleutheropolim
921 4714 1022 4785 rediit,
1035 4723 1038 4750 ¹
1051 4733 1131 4774 reses
1158 4734 1193 4774 eu
1216 4718 1313 4775 aetate
1337 4713 1533 4791 pullulantes,
1558 4717 1589 4772 et
1613 4712 1694 4789 pacis

381 4808 412 4861 et
423 4804 511 4878 juxta
521 4801 723 4862 Besandncem
738 4804 804 4881 ejus
819 4804 965 4863 territorii
978 4759 1039 4902 vil
1053 4802 1154 4862 studio
1170 4804 1207 4863 ad
1223 4802 1440 4879 componendas
1456 4803 1488 4861 iu
1504 4800 1628 4861 ecelesia
1642 4822 1695 4860 an·

381 4910 450 4951 cnm
468 4890 685 4951 monasterinm
708 4892 852 4965 condidit,
876 4893 957 4968 qnod
977 4893 1024 4951 in·
1036 4921 1039 4995 i
1052 4892 1191 4951 tiochena
1212 4894 1317 4953 turbas
1340 4892 1377 4951 ob
1400 4891 1561 4951 Paulinum
1583 4891 1614 4950 et
1628 4890 1695 4949 Fla-

381 4980 471 5039 terim
486 4980 643 5059 presbyter
657 4981 812 5040 ordinatus
831 4991 871 5045 30
898 5001 923 5040 a.
938 4981 1039 5040 rexit..
1052 4982 1175 5040 sianum
1194 4982 1229 5041 de
1252 4982 1426 5059 episcopatu
1449 4980 1530 5039 inter
1553 4998 1584 5039 ae
1606 4979 1695 5038 dissi-

380 5068 544 5146 Episcopos
553 5070 592 5128 ob
603 5069 781 5129 Asianorum
790 5066 899 5129 turbas
907 5070 1025 5129 exsules
1053 5070 1158 5129 dentes
1181 5068 1303 5130 Romam
1335 5070 1372 5128 ad
1397 5070 1545 5147 synodum
1569 5088 1595 5127 a.
1622 5076 1695 5138 382,

383 5176 500 5217 summu
529 5162 706 5235 prosecutus
743 5162 790 5219 est
826 5159 1024 5231 veneratione,
1053 5160 1242 5237 grandaevus
1268 5160 1348 5231 lieet,
1380 5158 1558 5238 properavit.
1597 5157 1696 5217 Nimio
