4350 5934
407 572 469 625 409
714 552 855 617 Solonius,
869 552 1044 618 Gennadius,
1058 553 1231 617 Tbeodolns,
1242 550 1405 608 liutbalins.
1651 572 1716 627 410

407 734 549 819 (lligue
564 737 645 808 llll..
658 738 880 813 967-10121ζ
896 772 940 783 -
956 740 1045 801 Gen·¹
1075 738 1301 816 etindiciornm
1324 735 1641 807 animadversionibus,
1657 737 1717 797 alis

404 827 544 887 nudius
569 826 940 904 ,constantinopolitanae
953 829 1047 889 eoele-
1074 829 1231 904 nobisper
1246 826 1355 888 christi
1370 826 1569 903 praesentiam
1584 826 1719 887 masuris

406 917 467 975 siae
483 916 616 992 pontifex
639 911 854 998 (459-471),
878 917 924 976 sir
944 917 1048 995 lingas
1075 916 1227 995 mysteriis
1243 919 1274 977 et
1289 915 1400 975 futuris
1415 915 1715 992 repromissionibus3

405 1004 520 1067 nitidus
536 1009 567 1064 et
582 1004 702 1081 ingenio
725 1023 799 1075 acer,
822 1010 884 1071 tam
906 1005 989 1065 dives
1012 1024 1047 1065 ax
1073 1026 1130 1067 neo
1145 1006 1265 1066 diversa
1277 1004 1357 1069 medi
1382 1004 1490 1064 debere
1511 1007 1564 1063 ant
1578 1022 1638 1066 aon
1653 1022 1715 1066 nuo

404 1095 529 1155 lectione
545 1094 736 1170 antiquorum
752 1093 820 1165 fuit,
842 1098 878 1154 ut
893 1094 1046 1155 Danielem
1075 1096 1189 1173 Spiritu
1204 1100 1305 1155 etuno
1315 1097 1436 1153 anctore
1446 1093 1564 1164 dictata
1574 1110 1643 1153 cnm
1651 1094 1715 1165 illa,

404 1184 578 1260 prophetam
595 1200 630 1241 ex
645 1184 763 1261 integro
778 1182 949 1243 adverbum
966 1202 1045 1245 com·
1074 1203 1151 1260 qnae
1167 1184 1194 1243 si
1209 1184 1296 1243 modo
1306 1182 1468 1243 secundum
1478 1182 1596 1241 literam
1612 1182 1715 1241 obser-

404 1276 554 1333 mentatus
585 1275 752 1348 exponeret.
783 1272 930 1333 Homilias
955 1273 1046 1333 etiam
1073 1278 1224 1343 verentur,
1234 1271 1410 1340 occiderent,
1419 1270 1520 1331 eedem
1529 1271 1595 1347 ipse
1609 1288 1717 1334 secun·

403 1361 514 1421 multas
523 1360 689 1437 composuit
697 1356 884 1444 ¹)‘rnecnon
891 1364 1044 1435 expositio·
1073 1362 1146 1422 dnm
1155 1362 1296 1439 spiritum
1307 1360 1462 1421 intellecta
1471 1359 1653 1423 sisifioent‘
1668 1362 1717 1419 Its

403 1468 467 1509 nem
482 1451 676 1527 epistolarum
701 1468 723 1509 s.
740 1450 835 1523 Pauli,
856 1470 933 1526 quae
949 1452 1044 1527 perie-
1073 1451 1299 1513 Gennadius
1314 1469 1339 1510 o.
1357 1460 1407 1512 90.
1437 1450 1494 1509 liic
1514 1452 1616 1509 nmen
1630 1450 1649 1509 l.
1665 1450 1713 1509 in·

402 1542 484 1602 runt.
515 1538 638 1599 Genadii
654 1557 763 1598 nomeu
778 1540 859 1599 baud
873 1557 938 1599 raro
966 1558 1043 1599 eom·
1072 1540 1209 1601 tercidit:
1233 1558 1321 1616 porro
1346 1535 1481 1621 suctor1)
1513 1538 1617 1597 floruit
1640 1556 1664 1603 o.
1688 1558 1717 1599 a.

403 1631 488 1703 parat
503 1628 592 1687 etism
608 1627 640 1687 in
656 1628 768 1688 cetenis
783 1628 815 1687 in
824 1629 921 1687 varios
932 1647 954 1691 s.
966 1629 1044 1689 Seri·
1073 1638 1149 1693 490.
1164 1662 1209 1675 ·-
1223 1628 1438 1691 Entbalius
1460 1628 1602 1689 discente
1624 1646 1717 1706 aegy-

401 1720 508 1793 pturae
523 1717 624 1781 libros.
640 1716 794 1793 Ejusmodi
805 1716 970 1794 fragmenta
984 1719 1042 1777 sel·
1071 1719 1166 1795 ptius,
1183 1719 1271 1795 cnjus
1293 1718 1370 1777 forte
1392 1717 1470 1776 facta
1490 1722 1538 1783 est
1552 1717 1665 1777 mentio
1681 1717 1716 1776 in

401 1812 462 1865 tem
485 1806 577 1866 dubia
599 1806 722 1867 collecta
747 1806 837 1865 babes
863 1808 893 1865 in
916 1807 1043 1884 bligue
1072 1806 1385 1870 conccbaloedonensi
1402 1805 1538 1885 (blansi
1554 1805 1603 1875 Vl.
1617 1803 1714 1882 1096)

402 1894 434 1955 P.
444 1895 477 1955 G.
493 1894 628 1965 LXXXV,
644 1904 871 1964 1621-1734,
888 1895 942 1954 ubi
951 1896 1042 1956 stiam
1070 1900 1174 1973 postes
1204 1896 1361 1973 episcopus
1385 1894 1532 1960 sulcausis
1557 1895 1603 1955 vel
1635 1895 1716 1971 psel-

402 1984 521 2057 spistoio
537 1991 630 2043 mear
645 1984 787 2061 encyclica
802 1980 910 2061 synodi
918 2004 1042 2062 magnae
1070 1984 1187 2045 cbensis
1217 1984 1352 2061 epistolis
1376 2002 1400 2045 s.
1421 1984 1508 2047 Pauli
1531 1984 1715 2061 singularem
1790 2025 1795 2037 .

401 2072 740 2149 constantinopolitanas
750 2073 808 2132 snb
817 2095 842 2135 a.
852 2082 914 2137 459
924 2074 1043 2133 babitus
1070 2074 1192 2134 neverit
1208 2092 1328 2151 operam
1343 2068 1446 2155 (458).
1477 2072 1539 2133 Has
1554 2072 1635 2134 enim
1650 2072 1715 2149 pri·

400 2164 503 2221 contre
518 2161 675 2223 simoniam
700 2162 732 2221 in
749 2163 935 2223 conferendis
952 2163 1042 2222 sacris
1070 2183 1162 2235 mum,
1178 2181 1232 2223 nec
1246 2163 1344 2223 multo
1365 2166 1436 2239 post
1449 2164 1543 2221 Actus
1564 2162 1714 2237 apostolo-

400 2250 556 2311 ordinibus
580 2248 632 2331 (ib.
661 2246 857 2333 lete—22).
889 2252 950 2313 Sub
976 2254 1041 2328 ejus
1070 2272 1141 2313 rum
1154 2256 1245 2328 atque
1261 2249 1714 2328 epistolaseatbolicsssdcodd.

399 2340 520 2399 uomina
535 2339 629 2399 edidit
638 2340 704 2399 Alb.
721 2339 740 2399 J
747 2341 819 2400 abu
834 2342 867 2399 in
881 2340 1043 2402 Anecdotis
1070 2342 1197 2401 celebris
1211 2340 1408 2401 bibliothecae
1417 2340 1609 2401 ooesariensis
1624 2340 1714 2399 alios·

401 2430 512 2507 maenis
527 2429 702 2506 theologicis
713 2430 868 2507 Diolopam
879 2429 1042 2491 Christiani
1069 2450 1127 2506 qne
1143 2429 1272 2490 eontulit
1286 2428 1515 2505 emendaritqne
1535 2436 1567 2488 et
1586 2430 1712 2503 insuper

400 2536 465 2577 cam
479 2517 594 2577 Jsdoeo
619 2520 682 2577 sive
704 2518 916 2581 refutationem
931 2519 1040 2577 erroris
1068 2519 1210 2578 distinxit
1232 2519 1265 2577 in
1290 2537 1392 2579 versus
1416 2513 1551 2602 (στίχοι),
1568 2517 1711 2592 incapite

396 2606 510 2681 judaici
542 2611 573 2665 et
606 2606 740 2682 ejusdem
763 2608 898 2668 delatam
918 2609 1040 2683 prephe-
1068 2605 1713 2691 majorastminora,(quaedistinctiomnltie

399 2696 509 2755 tiaram
524 2694 561 2755 de
577 2696 700 2765 cbristo,
717 2694 835 2771 Lipsiae
856 2706 948 2760 1893.
963 2697 1039 2755 Eum
1068 2701 1172 2773 postsu
1187 2697 1298 2758 seculis
1320 2691 1475 2778 obtinuit),
1498 2694 1627 2772 deniqne
1649 2714 1712 2757 om·

398 2783 541 2845 adsersus
557 2785 700 2861 cyrillum
710 2785 783 2845 elex.
793 2786 863 2845 stilo
873 2786 1041 2845 uehementi
1068 2786 1155 2845 nium
1177 2786 1317 2855 locorum,
1341 2785 1394 2861 qni
1416 2803 1451 2843 ex
1467 2784 1501 2844 V.
1517 2784 1711 2845 Testamento

398 2872 549 2950 scripsisse
567 2870 604 2956 (c.
620 2893 645 2933 a
656 2880 714 2937 tet
731 2874 779 2934 vel
790 2868 869 2957 432)
886 2874 1041 2952 colligitur
1067 2875 1195 2951 aliisque
1203 2881 1271 2935 tum
1286 2874 1380 2935 sacris
1395 2877 1461 2933 tum
1477 2873 1608 2951 profanis
1623 2873 1712 2933 libris

398 2980 432 3021 ex
448 2963 629 3040 fragmentis,
653 2981 729 3038 qnae
752 2962 956 3023 facundus
973 2965 1039 3023 ber·
1067 2965 1179 3024 abusa
1194 2963 1321 3039 stoque
1336 2962 1548 3040 hagiographis
1569 2962 1605 3021 N.
1620 2962 1652 3021 Τ.
1668 2961 1711 3021 ci-

397 3052 556 3111 mininnsis
571 3052 610 3123 11,
627 3063 646 3114 4
663 3051 794 3111 adducit.
892 3058 896 3065 '
1066 3056 1179 3123 tantur,
1211 3050 1361 3128 duplicem
1390 3051 1488 3114 texuit
1527 3051 1712 3128 catulognm3

1066 3142 1207 3219 prologos
1223 3140 1313 3200 etiam
1322 3140 1449 3201 Actibus
1465 3139 1669 3216 apostolorum
1679 3142 1712 3197 et

444 3225 1038 3313 230.Thelodolus(Tbeodulus‚Theo·
1066 3230 1202 3307 epistolis
1232 3230 1379 3306 praefixit,
1410 3228 1464 3289 nbi
1494 3227 1630 3288 instituti
1661 3228 1710 3288 sni

397 3314 499 3400 dorus)
515 3320 672 3396 presbyter
686 3319 719 3378 in
729 3318 925 3400 Goelesyrial)
941 3318 1037 3379 disse·
1066 3319 1166 3381 reddit
1180 3320 1335 3379 rationem.
1366 3317 1423 3387 Qui
1438 3318 1522 3378 labor
1537 3336 1591 3395 pro
1606 3316 1712 3377 critica

396 3407 459 3467 ruit
483 3408 518 3467 de
531 3408 720 3467 warmatia
735 3409 851 3467 divinae
867 3408 1038 3483 Scripturas

396 3495 538 3557 sdvems
554 3498 695 3573 antiquos
711 3497 883 3567 haereticos,
901 3498 953 3573 qui
969 3515 1037 3574 pro·

396 3588 463 3661 pter
472 3586 669 3645 diffffleniiam
679 3590 904 3663 pmoei'mmm
915 3586 963 3645 '⁸1
972 3606 1036 3646 ΟΜ·
1105 3619 1123 3686 ¹)
1138 3612 1593 3675 Alinsabeoestheodolns,
1605 3612 1711 3681 dequo

396 3676 593 3735 ramentorum
602 3676 695 3735 alium
702 3675 736 3733 V.
745 3674 1036 3746 resumentibeum,
1065 3686 1233 3756 sigebertus
1245 3684 1455 3755 gemblacensis
1473 3684 1509 3738 de
1529 3683 1627 3753 script
1640 3685 1708 3739 eccl.

397 3762 490 3821 elium
505 3782 569 3823 esse
585 3764 662 3823 Novi
677 3764 872 3823 contendunt.
899 3762 1037 3823 Ostendit
1065 3774 1088 3811 ⁰·
1105 3765 1156 3815 134
1167 3758 1240 3811 batt
1250 3757 1352 3810 refert:
1379 3756 1468 3819 „com
1480 3755 1603 3810 Athenis
1616 3756 1709 3809 stude·

397 3854 496 3911 antem
527 3852 784 3929 ,dispensationes
821 3852 914 3912 fuisse
945 3853 1036 3911 nnius
1063 3826 1709 3909 retaudiritgentilesonmChristianum.

1064 3904 1178 3955 cantas:
1191 3916 1314 3968 quornm
1327 3900 1466 3967 colligens
1478 3901 1604 3952 tatrones
1617 3913 1709 3951 rever·

396 3940 589 4042 ⁶j¹¹ffd⁰mq¹¹⁰
620 3942 684 4043 Dei)
715 3944 845 4003 ⁸u⁰t⁰¹i³
876 3942 1035 4043 utfiufqffe
1064 3989 1113 4025 sus
1125 3970 1252 4025 contulit
1272 3970 1303 4023 in
1321 3970 1506 4039 allegoricum
1519 3972 1646 4037 Eoiopom
1665 3969 1708 4021 in·

396 4028 575 4106 Scripturas,
592 4034 628 4091 nt
638 4031 697 4090 alra
706 4050 759 4107 per
769 4032 891 4108 Moysen
900 4034 1035 4107 antiquis
1064 4043 1217 4096 producens
1236 4041 1310 4095 duas
1328 4057 1464 4110 personas
1482 4039 1662 4103 alternantes,
1678 4044 1711 4094 et

326 4154 330 4159 =
395 4118 572 4179 dareturler
583 4120 614 4177 iu
624 4119 834 4179 sacrificiorum
843 4120 1035 4179 caeremoniis
1064 4113 1180 4194 leffissm
1193 4114 1228 4167 de
1241 4112 1365 4167 ducrum
1377 4111 1463 4194 diciifl
1483 4111 1708 4197 dijudicantem:

1063 4202 1186 4255 primam
1200 4200 1305 4238 vocans
1318 4184 1452 4238 Pseustrn
1471 4198 1489 4236 a
1508 4184 1635 4237 falsitate
1648 4183 1705 4237 dic·

1064 4260 1133 4321 tam,
1146 4257 1273 4311 bumana
1286 4258 1317 4309 et
1328 4255 1461 4309 fabulosa
1482 4256 1707 4325 proponentem

434 4331 451 4378 ¹r
466 4327 541 4379 tien
550 4324 686 4379 nadius
700 4326 735 4379 de
748 4325 793 4379 vir
807 4326 882 4379 illsse.
892 4332 942 4385 89:
957 4326 1036 4381 Bar·
1063 4328 1221 4382 secundum
1233 4326 1382 4390 Aethion,
1395 4325 1495 4380 divina
1504 4330 1611 4380 etvsra
1621 4341 1708 4395 oppo-

395 4394 463 4448 den
473 4396 492 4449 b
501 4412 516 4449 e
525 4412 550 4448 ss
559 4412 596 4449 er
609 4404 622 4462 ξ
636 4402 710 4453 9911.
724 4405 749 4453 3.
1063 4401 1189 4457 nentem:
1202 4398 1319 4452 tertiam
1332 4396 1500 4451 Phronesim
1517 4414 1535 4450 a
1551 4395 1708 4467 prudentia

432 4474 451 4530 ’t
466 4466 541 4521 Ded
545 4468 640 4537 jesu,
661 4468 711 4535 qni
731 4467 873 4523 Catholici
893 4467 1035 4539 dignitate
1063 4470 1180 4532 dictam,
1192 4486 1243 4540 per
1256 4486 1344 4537 quam
1356 4468 1446 4522 dubia
1458 4467 1706 4521 examinantur...

393 4538 629 4593 rexitecclesiam
650 4539 851 4594 seleuciensem
865 4546 1035 4611 (491-456),
1063 4541 1274 4609 Titulusbnjns
1288 4540 1307 4594 l.
1321 4539 1479 4619 estllcloga
1491 4537 1708 4593 Theocritum

394 4608 443 4663 sed
457 4610 588 4665 Nestorio
601 4609 734 4665 addictus
750 4610 843 4665 edidit
862 4610 893 4664 in
906 4628 983 4666 conc.
997 4628 1036 4665 se·
1063 4613 1117 4667 snb
1125 4612 1249 4668 clericali
1256 4628 1356 4666 norma
1364 4609 1437 4664 obiit
1444 4612 1598 4663 immatura
1606 4611 1706 4665 morte.

394 4681 531 4762 leuciensi
543 4684 617 4751 (430)
630 4682 855 4751 plurescanones
864 4682 1035 4765 scripsitque
1063 4688 1092 4738 et
1104 4684 1169 4738 ideo
1182 4684 1201 4738 l.
1215 4700 1299 4739 suurn
1313 4698 1372 4737 non
1381 4680 1571 4762 emendavit*
1586 4678 1705 4733 -Tri-

390 4752 681 4893 1313.
689 4757 976 4894 99919991
984 4755 1036 4879 lt:
1063 4756 1210 4880 {lias
1218 4751 1706 4885 199911999999

395 4895 451 4951 bno
475 4896 575 4950 latent.
601 4893 642 4951 Of.
665 4896 784 4951 Duval
807 4898 836 4950 la
859 4897 957 4952 Litter.
981 4916 1036 4965 syr.
1064 4899 1157 4951 ferens
1179 4913 1244 4951 enm
1266 4897 1298 4950 in
1311 4895 1502 4963 coelesyriam
1524 4910 1584 4948 esse
1597 4894 1704 4965 profec-

394 4984 458 5037 pag.
472 4974 515 5025 82.
531 4974 589 5029 176.
604 4968 657 5036 qui
669 4967 791 5023 aliorum
812 4970 934 5023 illiorum
949 4970 1035 5036 bajus
1063 4972 1126 5022 tum
1138 4969 1239 5036 ibique
1260 4970 1367 5023 factum
1387 4968 1584 5036 presbyterum
1605 4970 1635 5019 et
1646 4966 1706 5036 epi·

394 5038 516 5095 nominis
525 5059 552 5109 p.
562 5048 620 5096 156.
637 5047 687 5094 180
700 5042 729 5094 et
741 5046 802 5105 239,
815 5040 865 5108 qui
877 5041 1037 5095 floruerunt
1064 5057 1182 5108 scopum
1195 5039 1280 5107 cique
1297 5038 1427 5092 tribuens
1441 5039 1458 5095 l.
1478 5043 1511 5093 dc
1529 5042 1705 5093 consonantia

394 5114 514 5164 exeunte
531 5126 583 5165 sec.
600 5112 646 5173 vl,
660 5111 801 5165 meminit.
1064 5116 1279 5180 Scripturasrsm.

1066 3496 1227 3507 ..—
