4350 5934
380 628 442 683 257
811 612 838 667 S.
850 611 1020 681 Hieronymi
1032 612 1129 667 studia
1142 614 1256 669 biblica.
1625 634 1685 689 253

380 800 455 873 quot
469 796 605 873 ejusdem
620 796 732 873 scripta
741 797 839 858 latine
848 799 980 857 verterat
986 794 1018 878 ι),
1045 799 1177 859 Ecclesia
1193 800 1367 859 occidentali
1382 801 1416 859 iu
1438 820 1497 861 usu
1515 805 1562 862 est
1589 802 1685 863 Verrio

379 886 431 945 aad
459 886 621 963 Epiphauii
651 887 830 947 auctoritato
866 889 1019 964 permotus
1055 887 1185 965 Vulgata,
1203 889 1246 947 ita
1261 890 1409 965 appellata
1421 885 1451 972 (a
1461 908 1517 951 sec.
1528 886 1604 971 XII.)
1616 892 1687 967 quia

372 994 457 1047 eum,
473 975 650 1035 nominatim
665 976 731 1051 eJ'ns
740 977 847 1035 asselaa
856 976 1019 1036 insectatus
1046 977 1194 1053 gradatim
1209 998 1227 1035 a
1243 996 1299 1037 seo.
1316 978 1348 1037 V.
1367 998 1420 1055 per
1436 980 1623 1041 Occidentem
1640 982 1686 1039 in·

380 1068 434 1135 ast,
450 1082 598 1139 anumque
613 1064 646 1123 in
656 1064 814 1142 origenem
826 1066 963 1125 studium
977 1066 1021 1125 ita
1047 1066 1143 1125 valuit
1158 1069 1189 1125 et
1205 1066 1382 1131 diffusaest.
1412 1068 1454 1127 Ea
1478 1070 1687 1147 complectitur

379 1152 465 1229 qnasi
481 1171 623 1213 excusans
639 1172 684 1230 ep.
701 1163 742 1218 84
759 1173 788 1214 ra
807 1163 840 1216 2:
867 1153 1020 1223 ,Laudari
1046 1172 1188 1213 canonem
1199 1156 1351 1215 hebraicae
1366 1157 1509 1231 veritatis,
1525 1161 1616 1233 prout
1631 1178 1648 1217 a
1663 1176 1686 1217 s.

380 1244 582 1318 interpretem,
598 1243 708 1318 inquit,
724 1262 784 1302 non
809 1243 1018 1320 dogmatisten,
1046 1244 1226 1321 Hieronymo
1237 1246 1400 1305 translatus
1415 1250 1461 1305 est
1471 1248 1533 1306 solo
1544 1246 1687 1307 Pselterio

379 1332 546 1409 ingenium,
554 1350 614 1391 non
624 1331 721 1403 fidem,
729 1332 948 1409 philosophum,
959 1352 1020 1392 non
1047 1335 1176 1409 excepto,
1196 1352 1250 1409 pro
1266 1353 1326 1409 quo
1340 1338 1493 1412 receptum
1510 1338 1556 1395 est
1571 1336 1686 1395 Psalle·

379 1420 577 1495 apostolnm‘
611 1421 764 1498 Pelagiani
778 1440 857 1490 vero,
877 1440 953 1497 quos
967 1441 1020 1498 pa·
1046 1423 1126 1481 rium
1142 1422 1330 1499 gallicanum,
1346 1425 1431 1501 cnjus
1447 1442 1537 1503 supra
1551 1424 1687 1484 memini·

377 1510 453 1569 riter
468 1509 632 1569 insectatus
655 1514 728 1581 arat,
753 1510 922 1587 irruptione
943 1511 1020 1569 sacta
1046 1528 1131 1583 mus;
1148 1510 1178 1569 ll
1194 1511 1301 1571 Tobiae
1317 1515 1348 1571 et
1364 1512 1383 1570 J
1384 1513 1472 1572 udith
1487 1532 1522 1573 er
1538 1512 1687 1573 chaldaico

378 1598 482 1675 plnres
497 1599 551 1657 Dei
566 1616 667 1657 servos
683 1601 714 1657 et
735 1600 865 1670 ancillas,
891 1618 1020 1675 quorum
1047 1619 1065 1659 a
1095 1618 1116 1658 s.
1148 1600 1266 1660 doctore
1291 1618 1457 1674 conversos,
1489 1606 1520 1661 et
1544 1602 1688 1679 quasdam

378 1688 716 1764 curaminsuisgerebat
724 1687 923 1759 monasteriis,
933 1689 1019 1747 caede
1048 1692 1149 1765 partes
1165 1690 1296 1749 Danielis
1312 1693 1343 1749 et
1357 1690 1465 1751 Esther
1486 1710 1502 1751 e
1524 1710 1628 1769 graeco
1651 1691 1688 1751 ab

378 1776 551 1848 affecerunt,
575 1776 707 1836 aedificia
725 1777 924 1837 incenderunt
937 1777 1019 1847 adeo,
1047 1779 1113 1855 ipso
1129 1796 1236 1837 versas.
1259 1779 1342 1839 Libri
1358 1779 1614 1841 deuterocanonici
1630 1780 1687 1839 Ba-

378 1867 416 1925 nt
430 1866 495 1942 ipso
504 1870 627 1925 sanctus
643 1866 689 1924 vir
704 1866 754 1925 vir
768 1866 1020 1944 fugavitaeperi-
1047 1866 1131 1938 ruch,
1150 1866 1311 1943 Sapientia,
1327 1868 1553 1929 Ecclesiasticus
1576 1872 1606 1929 et
1628 1869 1687 1929 duo

379 1954 483 2013 culum
498 1955 540 2013 sit
554 1956 683 2031 elapsus.
707 1956 777 2031 Ipsa
791 1955 1022 2015 etiamamieitia
1048 1956 1079 2015 ll.
1095 1956 1339 2015 Machabaeorum
1365 1958 1401 2016 ab
1424 1977 1458 2018 eo
1474 1976 1535 2019 nou
1550 1958 1688 2017 translati

379 2060 447 2103 cum
471 2062 495 2105 s.
518 2044 689 2119 Augustino
710 2045 898 2104 vehementia
919 2044 1020 2104 chara-
1047 2064 1083 2103 ex
1113 2050 1213 2105 vetere
1244 2045 1379 2107 versione
1407 2066 1553 2125 anonyma
1577 2048 1688 2107 retenti

379 2131 527 2192 eteriesni
535 2133 912 2211 nonnihilturbatafuim).
925 2135 1021 2192 Morte
1048 2138 1128 2193 sunt.
1160 2134 1277 2193 Novum
1302 2154 1372 2194 vero
1397 2135 1428 2195 T.
1451 2136 1590 2195 editionis
1614 2134 1687 2195 Vul-

379 2222 573 2280 eommutavit
586 2222 679 2281 vitam
688 2222 916 2299 agitatissimum
932 2241 1020 2281 senex
1047 2226 1133 2299 gatae
1149 2223 1401 2301 integramente
1417 2243 1439 2285 s.
1456 2226 1636 2301 Hieronymo
1652 2226 1688 2283 de

379 2311 566 2371 venerandus
581 2311 942 2387 virtutibnsconspiouus‚
958 2330 1020 2370 me·
1047 2330 1125 2371 novo
1137 2313 1316 2372 translatum
1333 2317 1386 2372 aut
1401 2314 1506 2373 saltem
1523 2316 1688 2373 correctum
1746 2340 1748 2343 ·

378 2399 447 2458 ritis
470 2400 586 2475 plenus,
611 2401 797 2475 poenitentia
822 2400 980 2460 durissima
1003 2420 1022 2459 a
1047 2396 1134 2483 est1).
1166 2402 1203 2459 N.
1238 2403 1269 2460 Τ.
1299 2404 1456 2461 secundum
1487 2404 1637 2463 editionem
1666 2422 1688 2461 a.

378 2489 481 2548 naevis
495 2493 642 2566 purgatus
660 2499 709 2553 30.
726 2490 807 2565 Sept.
825 2499 898 2553 420.
1049 2490 1221 2567 Hieronymi
1243 2491 1277 2549 ad
1297 2491 1379 2550 codd.
1395 2510 1465 2551 msc.
1484 2492 1571 2551 fidem
1588 2491 1688 2551 edide-

1047 2578 1689 2641 runtJ.WordsworthetH.J.White

428 2677 498 2729 141.
514 2666 711 2742 Praecipuum
726 2686 750 2725 a.
764 2667 941 2744 Hieronymi
954 2669 1019 2726 stu-
1048 2688 1076 2743 p.
1093 2668 1115 2725 l.
1131 2670 1328 2745 complectens
1344 2669 1385 2729 IV
1404 2670 1565 2747 Evangelia
1582 2668 1688 2729 Osonii

379 2756 464 2814 diurn
479 2756 654 2816 versabatur
669 2757 746 2814 eirca
761 2774 784 2816 s.
795 2756 1020 2832 Scriptorum
1051 2757 1434 2820 1889·1898.·-Sednou
1445 2760 1586 2819 solumde
1601 2778 1688 2817 ver-

378 2848 470 2921 atqne
485 2845 595 2921 triplex
611 2845 757 2921 distingui
771 2850 880 2922 potest,
897 2865 967 2905 nam
981 2846 1020 2904 li·
1047 2846 1166 2904 tende
1190 2865 1214 2905 s.
1238 2847 1390 2923 Scriptura
1413 2848 1561 2907 sollicitus
1584 2848 1643 2907 fuit
1666 2866 1688 2906 s.

378 2934 450 2992 bros
468 2933 500 2996 V.
516 2934 548 2992 Τ.
559 2934 648 3009 juxta
656 2934 858 2994 Hebraeorum
868 2953 1019 3004 canonem,
1048 2936 1158 3005 doctor,
1185 2934 1237 2994 sed
1262 2936 1352 2995 etiam
1374 2936 1411 2993 de
1433 2955 1467 2994 ea
1488 2936 1689 3012 interpre-

379 3026 538 3099 postqnam
568 3040 672 3081 eornm
702 3024 867 3083 versionem
898 3024 1020 3082 latinam
1047 3026 1179 3091 tanda:
1211 3027 1301 3099 atque
1332 3024 1419 3084 initio
1449 3024 1569 3101 quidem
1596 3026 1689 3083 latine

375 3113 463 3188 juxta
487 3111 653 3171 versionem
683 3113 903 3171 alexandrinam
933 3113 1020 3171 hera·
1048 3113 1141 3172 vertit
1158 3114 1291 3171 homilias
1310 3112 1443 3189 Origenie
1459 3110 1527 3193 (14)
1551 3116 1583 3173 in
1605 3112 1689 3187 Jere-

379 3201 494 3276 piarem
518 3203 731 3261 retractarent
759 3205 850 3277 atque
880 3202 1019 3260 reforma·
1047 3201 1146 3273 niam,
1169 3200 1202 3259 in
1224 3202 1404 3263 Ezechielem
1422 3198 1500 3285 (14),
1526 3202 1558 3261 in
1582 3202 1690 3261 Isaiam

380 3293 596 3365 verateamqne
606 3289 770 3350 versionem
786 3292 827 3349 ita
836 3291 1020 3351 emendatam

379 3378 483 3437 fraudo
505 3378 662 3455 cujusdam
684 3380 831 3451 amiserat,
856 3380 883 3438 si
907 3380 966 3439 Job
990 3381 1021 3438 et
1087 3391 1106 3459 ¹)
1121 3388 1162 3442 Of.
1182 3388 1572 3463 Feraler-Jungmann
1594 3398 1607 3457 ς
1632 3396 1691 3447 149.

379 3467 557 3544 psslikl'lum
573 3466 826 3545 (gallicanum
848 3474 953 3545 post&
974 3469 1019 3526 di.
1048 3459 1204 3529 Triplex
1227 3459 1301 3515 (11108
1314 3462 1474 3517 psalterium
1488 3480 1508 3515 S.
1523 3460 1692 3530 Hieronymi

381 3552 478 3635 mm)
498 3557 634 3633 excipias,
657 3575 692 3615 ΘΧ
714 3558 789 3634 ipsis
811 3558 1020 3617 fontibushe,
1047 3531 1129 3585 labor
1142 3530 1282 3602 distingui
1291 3532 1384 3587 debet.
1398 3532 1491 3587 Primo
1501 3532 1603 3587 cursim
1612 3531 1692 3587 illius

378 3645 401 3704 b
436 3645 470 3658 ..
575 3665 584 3679 Ἰ
636 3646 673 3681 ·.
715 3647 721 3659 .
977 3648 982 3658 .
1047 3603 1207 3656 versionem
1221 3607 1345 3659 veterem
1358 3604 1465 3659 revidit
1477 3607 1507 3658 et
1519 3604 1692 3667 emendavit,

401 3662 488 3705 reicis
502 3647 673 3715 transtulit,
689 3646 813 3705 Librum
829 3666 898 3706 vero
912 3647 1021 3706 Tobiae
1048 3676 1077 3727 et
1099 3675 1153 3727 hoe
1176 3673 1283 3729 dieitur
1297 3676 1468 3731 psalterium
1491 3693 1692 3738 romanum,

380 3736 413 3793 et
426 3734 448 3792 l.
463 3732 570 3793 Jndilh
586 3754 621 3794 ex
637 3736 786 3795 chaldaico
801 3755 936 3796 sermone
952 3755 1021 3794 con·
1048 3746 1118 3813 quia
1132 3744 1162 3797 in
1176 3764 1260 3800 usum
1269 3746 1410 3801 Ecclesiae
1420 3763 1554 3801 romanae
1569 3745 1692 3810 transiit,

379 3823 479 3882 vertit,
517 3824 676 3883 Librorum
698 3844 769 3885 wo
793 3827 829 3883 N,
855 3826 885 3885 ΤΙ
911 3826 1021 3883 nmio.
1048 3821 1078 3869 et
1090 3816 1231 3883 quaedam
1246 3818 1374 3887 ejusdem
1395 3818 1516 3888 vestigia
1539 3822 1694 3887 supersunt

380 3930 451 3971 nem
472 3913 563 3988 ju⁰su
579 3912 696 3971 Damasi
713 3914 863 3988 pontificis
885 3917 1022 3973 accurata
1048 3887 1079 3940 in
1093 3887 1211 3969 liturgia
1225 3906 1351 3942 romana.
1372 3891 1453 3943 Alter
1466 3892 1509 3942 est
1521 3888 1691 3969 psalterium

511 3955 524 3970 “
1049 3958 1195 4029 gallice
1205 3978 1295 4024 urim,
1309 3960 1343 4013 de
1358 3978 1414 4029 quo
1428 3978 1514 4029 supra
1522 3976 1642 4030 egimus,
1651 3962 1692 4012 rte

382 4002 562 4101 ⁰⁰¹⁷f'0fi0n0
578 4021 698 4079 &mm
713 4002 781 4061 fidei
797 4002 946 4103 reddidih
961 4003 1021 4061 H⁸³
1049 4030 1167 4094 dictum,
1182 4032 1251 4098 quia
1264 4030 1295 4084 in
1309 4033 1404 4085 Gallie
1421 4035 1567 4100 receptum
1581 4034 1631 4093 eat,
1652 4029 1693 4082 id·

380 4107 533 4150 versrones
548 4092 596 4149 vel
610 4092 781 4151 versionum
795 4096 1021 4150 retractationes
1050 4118 1106 4169 que
1119 4102 1235 4155 transiit
1243 4103 1275 4155 iu
1284 4101 1441 4156 versionem
1453 4103 1614 4172 Vulgetnm.
1628 4101 1693 4155 Ter·

380 4180 592 4255 complectitur
620 4182 686 4256 ejus
711 4182 887 4239 Bibliothm
911 4183 1021 4258 divina,
1049 4174 1109 4226 tius
1135 4174 1249 4227 demum
1276 4173 1356 4227 labor
1382 4173 1513 4227 Psalterii
1535 4176 1578 4227 est
1600 4170 1693 4225 versio

382 4288 472 4345 quum
487 4269 580 4327 habos
596 4270 627 4327 jn
642 4269 770 4346 Migne
785 4270 809 4327 p
827 4272 857 4328 L·
868 4273 889 4327 t·
899 4268 1022 4328 mim
1050 4262 1124 4325 nove
1138 4262 1171 4297 err
1184 4242 1695 4325 hebreicourchetypofidelissimaet

810 4318 816 4331 '
992 4360 998 4371 .
1051 4317 1192 4385 singulari
1205 4319 1387 4371 aerumnose
1401 4318 1555 4377 elaborate,
1570 4331 1643 4383 quae
1656 4314 1693 4367 ad

383 4356 529 4421 mm·
560 4357 633 4417 Inde
649 4359 789 4435 Pr⁰fl¹¹¹it
804 4378 880 4435 quw
895 4378 975 4417 mm
991 4379 1022 4417 ¹¹¹
1051 4373 1694 4458 privatamlegentiumeruditionemsummo·

1051 4475 1117 4528 pere
1131 4458 1324 4512 commendari
1337 4462 1468 4514 meretur.
1476 4459 1694 4512 Hurrceecurate

1051 4529 1205 4582 ediderunt
1217 4530 1386 4598 Legerda
1408 4530 1521 4601 lipsiae
1540 4538 1606 4586 1874
1624 4528 1655 4581 in
1668 4535 1694 4583 8.

421 4600 440 4669 ¹)
453 4598 530 4651 luter
543 4598 613 4651 haec
625 4601 670 4653 est
680 4602 794 4669 praeter
806 4616 847 4663 ea,
862 4615 935 4666 quac
948 4598 1024 4653 infru
1051 4603 1080 4653 et
1093 4601 1191 4654 eodem
1205 4604 1262 4654 fero
1284 4606 1410 4669 tempore
1431 4600 1565 4655 Tiache
1576 4620 1592 4651 u
1602 4600 1695 4661 dori,

381 4668 598 4732 manebimus,
612 4687 686 4739 opus
696 4669 827 4740 Origenis
837 4670 1023 4741 praecipuum
1052 4673 1078 4724 S.
1092 4671 1185 4724 Beer
1198 4676 1227 4725 et
1240 4672 1283 4725 l‘r.
1299 4672 1480 4736 Delitsch,
1495 4673 1532 4725 ib.
1544 4678 1620 4727 1874.
1629 4687 1695 4725 euru

382 4741 659 4810 &mammisquod
667 4741 1024 4812 tumenperiit.Cf.teruen
1051 4746 1132 4797 textu
1148 4745 1323 4798 masorctieo.
1346 4744 1387 4797 uf.
1409 4748 1535 4797 ceterum
1549 4742 1695 4817 Kanlerr

382 4812 444 4879 ejus
457 4827 501 4935 εἱ.
517 4819 567 4868 124
579 4812 616 4865 ed
629 4812 758 4877 Avitum,
779 4814 850 4881 quid
864 4810 1023 4868 cavendum
1054 4816 1154 4867 tiesch.
1168 4815 1217 4867 ‹ler
1232 4817 1366 4885 l'ulgata,
1381 4814 1439 4867 Mai
1452 4834 1474 4867 ,κ
1493 4822 1574 4875 1868ς
1601 4812 1694 4867 Haud-

383 4882 422 4935 sit
432 4881 463 4937 in
490 4881 558 4937 'bris
569 4887 624 4954 napi
633 4890 726 4957 ἀρχῶν.
1054 4888 1128 4940 buch
1142 4904 1192 4939 zur
1205 4887 1338 4955 Vulgata.
1363 4886 1432 4939 Eine
1447 4890 1560 4954 system.
1574 4884 1697 4937 Darstel-

430 4957 435 4964 a

420 4962 430 4991 ²
455 4952 497 5007 Cf.
509 4954 544 5007 de
556 4954 610 5009 hac
622 4954 815 5009 controversi-a
834 4954 980 5025 exegetica
993 4953 1024 5007 in
1052 4956 1697 5027 lungihrealut.Spraeheharelrters,ib.187lt

383 4967 445 5079 Gai.
458 5030 484 5089 2,
499 5033 534 5081 14
545 5024 666 5081 bithle
676 5045 698 5089 r,
718 5026 906 5081 Geasmmelte
921 5024 1024 5081 Schrit'-
1052 5028 1078 5081 S.
1094 5028 1232 5097 Berger
1247 5029 1318 5083 Hist.
1333 5030 1366 5081 de
1381 5031 1409 5082 la
1423 5029 1547 5099 Vulgata
1569 5028 1697 5099 pendant

383 5099 432 5148 teu
445 5094 506 5151 und
520 5096 662 5159 Aufsittze
674 5098 909 5168 herauagegeben
922 5115 979 5151 von
998 5096 1024 5149 J.
1052 5101 1092 5153 les
1105 5099 1241 5167 premiere
1256 5100 1351 5154 siecles
1365 5101 1405 5154 du
1418 5118 1520 5169 moyen
1534 5105 1596 5171 ege,
1617 5097 1698 5151 Puris

381 5164 591 5238 Ddllinger
610 5166 796 5240 Begensburg
813 5171 914 5233 18391,
929 5176 1024 5223 1-18.
1055 5178 1133 5227 1893.

488 5265 584 5325 llarter,
599 5265 763 5313 Nomenclator
775 5268 785 5311 1
799 5268 835 5314 ed.
850 5268 893 5314 ill.
1482 5269 1498 5317 9
