4350 5934
489 619 550 673 311
891 606 1041 657 eol-431.
1054 598 1183 653 Historia
1195 594 1400 653 sacrararum:
1734 613 1796 669 312

487 792 536 848 ter
549 787 812 865 Epiphaniam
828 788 860 845 et
873 786 1129 862 Hieronymum
1157 770 1404 844 herethlessinae
1421 800 1517 844 moras
1534 783 1566 841 in
1582 782 1683 842 Sicilia
1698 802 1723 843 a.
1735 793 1797 845 410

489 878 641 937 mentione
662 876 773 953 dignus
795 879 843 934 est
863 876 1031 952 Tyrannias
1054 875 1130 932 Ru·
1159 873 1241 933 obiit.

488 967 598 1025 finus
629 966 779 1041 qnondam
802 964 978 1042 Hieronymi
1007 963 1130 1033 amicus,

490 1056 542 1116 aed
565 1055 636 1114 dein
656 1059 780 1130 propter
794 1052 920 1112 nimium
938 1052 1060 1129 Origeni
1074 1050 1131 1110 im-
1210 1060 1279 1113 les.
1295 1050 1390 1109 blatta
1404 1068 1528 1126 prorsas
1544 1070 1560 1109 e
1576 1068 1679 1127 graeco
1700 1050 1733 1109 in
1758 1049 1800 1108 la·

489 1162 618 1221 pensum
642 1144 773 1203 favorem
800 1142 985 1201 adversarius
1010 1139 1048 1199 ab
1078 1140 1132 1199 illo
1159 1142 1259 1202 tinum
1280 1139 1445 1201 transtulit.
1477 1140 1523 1197 lta
1547 1157 1569 1201 s.
1586 1136 1731 1198 Basilii
1754 1158 1801 1197 re·

490 1234 631 1293 acerrime
651 1233 854 1310 impugnatus.
887 1230 1056 1306 Tyrannius
1070 1228 1131 1287 au·
1158 1230 1243 1308 pictos
1257 1232 1399 1303 utrasque
1416 1224 1502 1309 (cip.
1518 1224 1593 1309 153)
1610 1229 1800 1287 inuuameas

488 1323 571 1382 finus
586 1341 610 1382 o.
626 1342 651 1379 a.
669 1322 876 1385 elevatura
900 1338 992 1396 prope
1007 1318 1132 1393 Aquile-
1160 1318 1354 1395 conjungens,
1376 1336 1453 1392 quae
1475 1320 1595 1377 constet
1616 1335 1650 1376 ex
1670 1336 1719 1393 qq.
1737 1324 1800 1381 203

485 1414 549 1488 jam
573 1414 673 1480 natus,
698 1430 716 1469 a
738 1409 871 1486 pueritia
894 1410 927 1467 in
951 1407 1132 1467 monasterio
1161 1426 1228 1466 cum
1253 1424 1355 1465 sarum
1379 1406 1637 1482 responsionibus;
1669 1406 1803 1465 homitias

491 1500 670 1576 aquilejensi
684 1499 813 1559 adolevit
825 1498 886 1575 jam
901 1502 976 1557 tunc
992 1496 1132 1556 s.Hiero·
1161 1494 1293 1573 ejusdem
1332 1494 1416 1565 VIII3
1458 1512 1480 1554 s.
1520 1495 1702 1573 Gregorii
1739 1514 1802 1555 naa

491 1608 581 1665 nymo
596 1588 736 1647 familiari
755 1589 880 1664 junctus
896 1586 1037 1646 amicitia.
1067 1587 1132 1643 As.
1161 1586 1299 1661 oprcscrctc
1315 1602 1368 1643 seu
1385 1584 1534 1643 orationes
1550 1584 1591 1655 X;
1623 1584 1802 1644 Anatolii

490 1677 658 1737 chromatio
673 1677 842 1753 baptizatus
858 1680 905 1735 eat
923 1696 949 1735 a.
967 1685 1040 1739 371.
1072 1674 1133 1732 hie·
1161 1673 1803 1749 alex.cononemposchelem;e.Pamphili

492 1767 603 1826 laniam
617 1766 739 1825 viduam
754 1784 905 1825 romanam
914 1762 1133 1823 nobilissimam
1162 1764 1199 1821 M.
1215 1764 1363 1839 apologiae
1385 1780 1439 1838 pro
1462 1762 1589 1839 Origene
1612 1757 1735 1844 1.1.(cl.
1752 1778 1803 1819 su-

492 1856 583 1914 simul
599 1873 632 1914 ac
647 1854 813 1931 piissimam
828 1854 865 1913 ad
876 1854 1052 1912 locosancto
1060 1851 1133 1911 Hie·
1162 1870 1217 1928 pra
1231 1871 1259 1927 p.
1278 1850 1341 1928 64),
1359 1852 1408 1909 cui
1423 1850 1532 1927 adjecit
1547 1850 1618 1914 diss.
1634 1851 1668 1909 de
1691 1850 1801 1909 odada

492 1944 651 2020 rosolymis
676 1944 915 2021 peregrinantem
938 1946 986 2001 est
1010 1939 1133 2000 comita·
1161 1940 1313 2000 rationali.
1326 1939 1482 2017 Oripeois,·
1496 1941 1598 2017 plures
1616 1940 1804 2017 Origenis

491 2038 552 2105 tua,
584 2032 637 2092 sed
661 2033 801 2107 pluribus
825 2031 912 2090 annis
942 2032 975 2089 in
997 2032 1134 2105 Aegypto
1162 2030 1304 2101 homilias,
1328 2034 1359 2087 et
1381 2034 1403 2087 t.
1429 2027 1479 2087 XV
1500 2032 1533 2087 in
1557 2048 1599 2105 ep.
1622 2048 1644 2087 a.
1661 2029 1750 2087 Pauli
1764 2028 1805 2087 od

492 2123 589 2182 haesit
617 2121 774 2181 familiaris
805 2120 997 2179 eremitarum
1022 2119 1135 2178 deserti
1164 2118 1318 2189 Romanos,
1335 2117 1497 2195 Evagrii
1513 2120 1678 2191 amiralios,
1696 2118 1804 2179 Serti

492 2203 1135 2290 nitricietdiscipulusDidymi(cl.pag.174),
1162 2206 1367 2284 pythagoraei,
1393 2206 1562 2283 philosophi
1585 2207 1717 2285 gentilis,
1740 2224 1804 2266 sen·

492 2318 552 2375 quo
560 2299 705 2377 magistro
712 2298 1135 2375 amoreimbatusestergapa-
1164 2298 1275 2372 tectim,
1293 2313 1367 2370 quas
1383 2296 1589 2356 latineversas
1599 2314 1652 2371 pro
1664 2295 1739 2355 Sixti
1752 2312 1806 2355 seu

493 2392 555 2447 tres
570 2406 699 2466 graecos,
717 2387 874 2464 Origenem
889 2386 1046 2463 inprimis.
1064 2386 1135 2445 Hie·
1163 2384 1251 2461 Xysti
1268 2402 1360 2461 papae
1375 2388 1406 2443 et
1422 2386 1561 2459 martyris
1578 2384 1735 2444 sententiis
1749 2385 1806 2442 im·

493 2479 672 2554 rosolymam
682 2477 750 2535 dein
760 2494 887 2553 pergens
902 2494 1013 2535 moram
1024 2475 1135 2535 ibidem
1163 2474 1295 2551 prudens
1306 2473 1486 2545 venditavit;
1503 2474 1715 2533 Clementis
1730 2490 1804 2535 rom.

494 2566 565 2625 fecit
585 2565 877 2643 peregrinationibus
904 2568 1003 2624 tamen
1032 2566 1065 2625 in
1089 2582 1135 2622 re·
1164 2564 1371 2640 recognitiones
1385 2568 1416 2621 et
1431 2564 1567 2636 epistolas
1582 2562 1657 2621 duae
1673 2562 1806 2621 adada·

495 2656 600 2733 giones
617 2654 739 2714 dissitas
755 2654 963 2730 interruptam.
979 2656 1006 2713 A
1021 2653 1136 2713 Joanne
1164 2652 1271 2710 cabum
1287 2670 1334 2727 ep.
1349 2651 1465 2721 hieros..
1492 2668 1565 2727 quaa
1590 2652 1635 2709 ite
1658 2651 1744 2711 nobis
1760 2668 1806 2709 aa·

494 2743 628 2820 ejusdem
644 2744 729 2802 urbis
753 2744 893 2819 episcopo
916 2742 1075 2819 presbyter
1090 2744 1137 2800 est
1165 2741 1304 2813 servavit,
1321 2758 1388 2799 cum
1403 2742 1504 2799 textus
1520 2758 1643 2817 graesae
1667 2740 1806 2815 perierit;

495 2833 653 2891 ordinatus
667 2842 811 2896 c.a.3sc.
829 2832 973 2901 Quoniam
989 2831 1136 2907 veroplus
1164 2830 1220 2891 Ιώ.
1251 2828 1291 2886 IV
1323 2828 1506 2908 Origeuis
1541 2831 1608 2912 περὶ
1638 2826 1742 2912 ἀρχῶν
1773 2829 1808 2887 ds

490 2924 575 2998 justo
591 2922 708 2980 favebat
717 2921 840 2998 Origeni
850 2920 997 2997 gradatim
1012 2922 1135 2996 ruptum
1160 2920 1330 2993 principiis,
1354 2934 1429 2993 quos
1450 2919 1563 2995 pariter
1582 2920 1626 2977 ita
1640 2918 1728 2977 nobis
1744 2934 1806 2977 ser·

494 3015 542 3069 est
566 3010 714 3069 amicitiae
740 3028 807 3069 cum
824 3027 848 3073 s.
864 3010 1045 3085 Hieronymo
1070 3009 1137 3068 vin-
1166 3008 1258 3077 ravis,
1276 3026 1335 3083 qus
1351 3008 1451 3065 tamen
1468 3008 1604 3066 versione
1619 3024 1741 3083 magnas
1757 3024 1807 3065 er·

494 3100 598 3159 culum
618 3100 746 3175 litesque
769 3118 830 3158 non
851 3098 953 3157 minus
976 3098 1138 3157 diuturnae
1165 3096 1268 3155 citavit
1282 3096 1387 3155 turbas
1401 3096 1520 3172 sibique
1536 3096 1680 3155 conscivit
1695 3096 1806 3155 incom-

495 3207 585 3265 qusm
601 3188 724 3247 acerbae
740 3190 912 3247 suntortae.
928 3188 1002 3246 Pace
1017 3186 1136 3245 demum
1167 3183 1261 3247 moda.
1285 3184 1360 3243 Nam
1377 3202 1444 3243 cum
1460 3184 1549 3243 multi
1565 3185 1618 3244 hos
1641 3184 1811 3243 lectitarent

493 3278 606 3337 iterum
630 3278 710 3335 inter
733 3294 783 3336 eos
807 3275 950 3335 restituta
965 3275 1090 3334 Rufinus
1106 3275 1139 3333 in
1166 3274 1379 3349 libros,plures
1394 3272 1555 3332 catholicae
1571 3273 1639 3332 fidei
1653 3272 1754 3332 studio
1764 3273 1810 3331 in·

496 3366 613 3425 Italiam
629 3361 721 3447 (397)
744 3367 834 3440 atque
860 3365 893 3423 in
907 3365 1035 3440 patriam
1052 3384 1138 3423 suam
1168 3363 1250 3421 censi
1275 3380 1338 3421 rem
1362 3361 1537 3421 detulerunt
1560 3362 1597 3421 ad
1619 3361 1810 3421 Anastasium

495 3455 593 3514 rediit.
624 3456 690 3513 htox
715 3472 784 3513 vero
810 3453 964 3513 recruduit
979 3452 1138 3512 dissidium
1167 3468 1240 3513 rom.
1256 3450 1425 3527 pontificem
1442 3470 1510 3509 eum
1526 3450 1760 3526 interpellantes,
1776 3453 1812 3508 ut

496 3561 584 3620 aegre
599 3543 730 3619 sopitum
747 3542 927 3618 scriptisque
951 3542 1042 3601 nimis
1065 3541 1139 3601 acri-
1169 3557 1292 3615 serpens
1324 3542 1522 3617 compesceret
1552 3539 1674 3601 malum.
1715 3538 1810 3609 Quare

496 3631 554 3691 bus
571 3632 654 3691 dedit
669 3632 860 3694 occasionem.
877 3632 1077 3691 Barbarornm
1100 3630 1139 3688 ir·
1169 3629 1296 3688 Rufinus
1312 3628 1553 3687 adAnastasium
1562 3628 1646 3687 misit
1655 3628 1812 3705 epistolam

497 3722 639 3795 ruptione
654 3720 687 3777 in
702 3720 804 3795 quiete
819 3720 961 3790 literaria,
978 3739 1036 3795 qua
1047 3719 1141 3794 Aqui·
1170 3734 1225 3777 seu
1241 3714 1436 3798 apologicmll
1455 3714 1681 3798 prcfidesua(c.
1690 3736 1715 3775 a
1724 3712 1811 3798 400),

498 3810 572 3885 lejae
588 3810 752 3880 fruebatur,
769 3810 909 3868 turbatus
929 3809 993 3867 loca
1007 3811 1141 3884 repetere

499 3898 762 3976 sanctacogitavit,
779 3897 827 3957 sed
839 3897 1140 3975 dumlongiorestra-
1209 3942 1228 4011 a)
1243 3942 1288 3995 Ab
1300 3940 1354 3993 hac
1378 3938 1569 4009 distinguitur
1589 3941 1759 4010 opusculum
1772 3938 1813 3992 jn.

1171 4012 1311 4081 scriptum
1332 4014 1408 4066 Fides
1420 4014 1516 4079 Rufini
1535 4010 1669 4083 (Migne
1688 4010 1812 4071 XLVIII,

498 4088 610 4159 cccl'.).
620 4087 758 4155 quitatus
768 4085 851 4139 estin
861 4085 1024 4139 extollendo
1035 4084 1144 4155 Apolli·
1171 4087 1333 4151 239—255l‚
1347 4083 1382 4137 de
1395 4098 1452 4149 quo
1467 4082 1508 4135 ita
1522 4081 1682 4136 tlsrnier
1694 4082 1726 4135 in
1736 4096 1813 4153 prae·

498 4158 643 4213 nario:ea
651 4156 938 4228 tamenperiit.--lta
948 4160 977 4211 et
986 4154 1143 4211 Historiam
1171 4154 1219 4209 vie
1232 4156 1347 4210 annot:
1375 4154 1497 4215 ,Mirum
1522 4170 1609 4221 quam
1634 4154 1726 4207 multa
1752 4152 1814 4208 doc

499 4230 687 4283 conciliorum
700 4244 749 4281 ssu
762 4233 896 4303 συναγωγὴ
914 4237 965 4281 τῶν
982 4229 1144 4282 οονοδικῶνα
1173 4226 1265 4280 trinae
1286 4229 1348 4279 tum
1370 4224 1524 4279 historicae
1550 4228 1612 4279 tum
1635 4222 1814 4298 dogmaticae

499 4300 619 4355 nicaeno
632 4316 724 4369 usque
746 4300 782 4353 ad
796 4314 838 4363 ca,
859 4315 933 4368 quae
956 4300 1010 4353 sub
1022 4300 1144 4354 Valente
1171 4295 1814 4358 arcanaliballusistebrevissimuscontineat,

499 4373 570 4443 imp.
601 4373 745 4443 (asa—78)
776 4371 877 4424 hahita
909 4373 985 4432 aunt,
1009 4369 1145 4425 Sabini
1173 4368 1331 4439 utmagnis
1344 4366 1541 4421 voluminibus
1563 4367 1607 4419 sin
1627 4367 1815 4436 minusprae-

500 4441 771 4497 Macedonianorum
795 4442 874 4512 apud
896 4441 1061 4495 Heracleam
1085 4441 1145 4511 epi·
1173 4441 1250 4504 terri,
1264 4440 1365 4493 saltem
1379 4438 1513 4507 componi
1527 4440 1639 4506 queste⁴
1655 4438 1744 4491 'Potae
1758 4438 1814 4491 fere

499 4514 587 4586 scopi,
613 4514 665 4582 qui
687 4513 792 4567 horum
814 4513 1003 4567 conciliorum
1024 4514 1090 4565 acta
1115 4511 1146 4565 in
1173 4516 1216 4565 est
1229 4512 1263 4565 de
1277 4510 1495 4579 quaestionibus
1505 4511 1612 4563 tumah
1620 4508 1743 4578 Origene
1754 4511 1815 4561 tum

501 4604 591 4640 unum
603 4602 709 4656 corpus
721 4584 849 4653 collegit.
864 4585 889 4637 ls
902 4583 1016 4638 nicaeni
1028 4582 1146 4637 concilii
1173 4598 1191 4636 a
1213 4582 1316 4636 Rufino
1338 4580 1426 4636 motis
1447 4580 1628 4651 speciemque
1671 4579 1816 4636 alinodiae

500 4657 659 4713 sacerdotes
673 4655 755 4723 quasi
768 4655 854 4709 rudes
870 4670 906 4710 ac
917 4655 1061 4727 simplices
1073 4655 1146 4708 deri·
1174 4670 1241 4724 prae
1255 4670 1284 4707 se
1298 4654 1360 4706 fert.
1375 4652 1511 4718 Quamvis
1524 4668 1590 4705 vero
1603 4667 1621 4704 a
1681 4650 1816 4717 riohler-

500 4729 557 4792 det,
571 4728 711 4782 nonnulla
733 4728 768 4780 de
780 4726 925 4781 industria
945 4725 1146 4797 praetermisit,
1174 4728 1304 4779 catore
1318 4723 1422 4777 Rufino
1434 4725 1531 4779 nostro
1544 4722 1698 4787 tribuatur,
1711 4722 1743 4776 in
1752 4738 1816 4777 con-

502 4799 643 4868 quaedam
669 4814 736 4851 vero
762 4799 903 4868 pervertit
921 4801 952 4851 et
969 4798 1146 4852 immutavit.
1175 4795 1297 4851 trarium
1311 4798 1380 4849 sunt
1392 4794 1490 4848 valida
1510 4812 1577 4850 saue
1591 4796 1761 4864 argumenta
1773 4808 1816 4847 ea·

502 4874 633 4924 cetarum
646 4873 750 4923 cuncta
763 4870 800 4923 ad
814 4869 982 4927 institutum
992 4886 1076 4923 suum
1087 4884 1147 4922 sen·
1175 4885 1231 4937 que
1244 4883 1301 4923 non
1310 4884 1412 4937 pauca.
1426 4866 1517 4930 Quare
1527 4866 1645 4935 conjicit
1658 4863 1818 4920 Garnier

501 4940 1147 5083 sustuleritis&“stistte
1175 4935 1818 5081 {restitististittttllltlts

505 5084 625 5139 ridetur.
651 5084 693 5137 Cf.
715 5084 823 5137 Batif
829 5086 882 5138 fol
902 5083 1020 5152 Byzant.
1041 5082 1147 5138 Ztschr.
1176 5080 1262 5137 minis
1275 5081 1409 5149 aequales
1430 5081 1481 5149 qni
1495 5080 1698 5148 Hierosolymis
1718 5077 1766 5135 rel
1787 5076 1818 5131 in

503 5162 574 5213 1898
585 5156 647 5220 VII,
662 5162 813 5211 265-„84
1159 5196 1162 5223 ,
1177 5152 1281 5207 vicinis
1295 5152 1420 5207 ecclesiis
1435 5152 1632 5224 versabantur)
1651 5148 1818 5220 presbyteri,
