4350 5934
1072 1804 1206 1902 XIX.

688 1982 965 2121 Scriptores
999 1982 1323 2095 ecelesiastici
1349 1984 1507 2095 seculi
1531 1984 1613 2095 XI.

822 2180 932 2277 Pars
966 2180 1113 2277 altera
1135 2184 1491 2300 (lest-1073).

1106 2434 1212 2441 a—-—-

539 2587 611 2641 554.
635 2576 746 2653 Ingens
771 2576 858 2653 plane
882 2578 929 2634 est
953 2576 1132 2652 scriptorum
1145 2574 1147 2582 ’
1160 2576 1257 2635 cordia
1273 2577 1437 2636 bonitatem
1452 2576 1552 2636 dictas
1567 2577 1806 2647 ‚Brunobonns‘.

491 2684 644 2735 numerus,
668 2664 721 2741 qui
744 2666 909 2725 floruerunt
928 2665 1034 2723 ultime
1056 2668 1132 2723 tem·
1145 2721 1148 2740 ,
1160 2664 1287 2724 Juvenia
1302 2685 1328 2723 a.
1346 2675 1386 2728 24
1402 2666 1513 2726 electus
1528 2672 1576 2725 est
1590 2666 1725 2725 unanimi
1739 2666 1804 2724 sul·

491 2758 573 2833 poris
588 2754 717 2832 periodo,
741 2773 829 2830 quam
848 2754 903 2813 hoc
923 2756 1004 2813 tomo
1023 2753 1132 2813 descri-
1145 2757 1148 2794 ³
1161 2754 1244 2831 trago
1267 2754 1427 2831 episcopua
1450 2751 1731 2835 collaudemus),
1753 2756 1805 2813 cni

491 2846 618 2903 bendam
644 2844 813 2912 statuimus,
839 2843 981 2918 illamque
1003 2843 1035 2901 in
1058 2843 1133 2901 duas
1161 2844 1300 2903 electioni
1309 2862 1343 2902 eo
1354 2843 1471 2902 facilins
1481 2844 1617 2916 assensit,
1633 2843 1713 2919 quod
1727 2843 1803 2901 elec·

491 2933 625 2992 dividere
640 2936 739 3008 partes
752 2932 875 3009 juverit,
897 2951 935 2991 ne
954 2932 1133 3007 scriptorum
1161 2931 1205 2991 tie
1220 2932 1456 3003 esaetcanonica,
1473 2934 1595 2992 ecclesia
1603 2951 1673 2992 vero
1682 2951 1804 3008 pauper.

493 3022 688 3082 multitudine
713 3021 883 3083 obruamur.
924 3020 1020 3079 Priori
1049 3023 1133 3097 parte
1147 2987 1150 3114 ι
1162 3022 1269 3097 Magna
1283 3021 1440 3080 fruebatur
1454 3021 1550 3097 gratia
1572 3021 1611 3081 eb
1632 3040 1714 3080 suam
1732 3040 1804 3097 pru-

493 3110 699 3171 exhibebimus
715 3111 874 3186 scriptores
892 3110 944 3184 qui
960 3110 1135 3186 scripserint
1161 3110 1293 3169 dentiam
1309 3110 1340 3168 in
1356 3112 1425 3169 aula
1439 3113 1500 3168 tam
1510 3128 1742 3186 mesareaquam
1755 3129 1803 3169 re·

492 3218 589 3275 usque
620 3199 657 3258 ad
687 3198 863 3258 electionem
895 3198 1030 3276 Gregorii
1059 3198 1133 3267 vll,
1162 3199 1214 3275 gia
1229 3199 1348 3257 Galliae.
1382 3200 1528 3258 Defuncto
1543 3199 1668 3257 Damaso
1684 3198 1714 3257 11
1728 3218 1803 3274 pon·

491 3288 594 3367 magni
620 3289 704 3347 illiue
729 3288 888 3364 pontificis,
912 3288 964 3364 qui
987 3288 1134 3346 Ecclesiae
1163 3288 1242 3347 tifice
1260 3299 1287 3351 9.
1298 3288 1374 3364 Aug.
1388 3299 1472 3351 1048
1489 3288 1521 3346 in
1536 3288 1666 3347 comitiis
1678 3306 1803 3346 worma·

493 3378 595 3437 faciem
611 3396 679 3438 vere
695 3378 890 3447 restauravil;
906 3376 998 3435 altera
1012 3394 1135 3453 agemus
1161 3377 1309 3436 tieneibus
1324 3377 1533 3452 praesentibus
1548 3378 1746 3436 Romanorum
1760 3377 1803 3435 le·

493 3467 530 3525 de
550 3466 595 3537 iis,
619 3466 672 3542 qni
694 3466 731 3524 eb
754 3466 835 3525 illius
850 3465 999 3541 pontificia
1015 3465 1135 3525 exordio
1163 3466 1242 3543 gatis
1257 3466 1295 3524 ab
1313 3465 1492 3541 imperatore
1506 3470 1598 3542 atque
1613 3465 1803 3543 magnatibus

493 3556 632 3631 deinceps
657 3556 822 3613 floruerunt
851 3555 887 3613 ad
913 3574 934 3615 s.
960 3555 1135 3613 Anaelmnm
1163 3560 1281 3630 praeter
1290 3572 1374 3613 suam
1385 3555 1634 3631 exspectationem
1649 3560 1681 3613 et
1689 3555 1803 3613 inritus

494 3662 600 3719 usque,
623 3664 640 3702 a
660 3663 719 3719 quo
735 3662 842 3702 novam
857 3643 1023 3721 theologiae
1039 3662 1135 3702 aarum
1166 3643 1488 3721 designatusestillius
1499 3643 1803 3719 suceessor,euielco-

492 3733 692 3809 suspicamur.
1165 3734 1240 3791 tioni
1256 3733 1378 3791 nonnisi
1392 3738 1461 3809 poet
1481 3732 1615 3792 triduum
1631 3732 1688 3791 sub
1703 3732 1802 3791 condi·

1164 3822 1245 3881 tione
1261 3840 1423 3880 consensus
1440 3822 1510 3880 cleri
1519 3821 1682 3898 populique
1691 3821 1802 3881 romani

542 3920 612 3975 555.
628 3910 737 3986 Incipit
751 3910 859 3969 iterum
871 3911 1073 3986 splendescere
1088 3929 1135 3970 ro·
1150 3884 1262 4031 'cessit
1302 3911 1455 3987 Peregrini
1481 3911 1587 3969 habitu
1612 3910 1733 3969 Romam
1758 3912 1803 3967 est

495 4019 597 4059 manae
614 4000 693 4059 sedis
713 4000 860 4075 primatus
876 3999 1014 4058 nonnihil
1030 4001 1136 4059 obscu-
1164 3999 1313 4075 profectus
1336 4018 1510 4075 summoque
1535 4017 1682 4058 consensu
1706 4019 1723 4057 a
1746 3999 1802 4056 Ro·

493 4092 578 4148 ratus
589 4088 776 4165 quorundam
786 4090 957 4165 praesulum
974 4090 1036 4149 vita
1051 4091 1136 4148 tanto
1164 4089 1261 4147 manis
1276 4090 1309 4147 in
1324 4088 1493 4163 pontificem
1510 4096 1648 4163 receptus
1663 4098 1711 4150 12.
1721 4088 1802 4146 Febr.

495 4178 601 4237 honori
618 4182 648 4237 et
662 4179 780 4237 muneri
796 4178 895 4236 minus
912 4178 1009 4256 digna,
1031 4180 1091 4237 imo
1107 4182 1137 4238 et
1169 4188 1261 4240 1⁰49.
1302 4179 1367 4236 Mox
1391 4180 1455 4236 toto
1480 4180 1589 4235 conatu
1612 4177 1802 4252 impensaque

494 4268 626 4345 indigna.
650 4268 725 4325 Nam
742 4268 842 4325 statim
859 4267 896 4325 ab
912 4267 1031 4327 exordio
1048 4268 1137 4343 hujus
1166 4267 1368 4325 sollieitudine
1386 4266 1530 4343 cogitavit
1552 4266 1589 4323 de
1611 4266 1803 4326 restauranda

495 4356 609 4432 periodi
625 4356 754 4415 occurrit
773 4357 861 4415 nobis
877 4357 997 4432 praesul
1013 4356 1136 4415 sanctia·
1166 4355 1324 4431 disciplina
1347 4356 1546 4415 ecelesiastica
1572 4354 1645 4414 adeo
1670 4355 1802 4430 collapsa,

496 4446 587 4505 simus
602 4446 675 4505 Lao
691 4445 730 4503 IX
752 4442 1007 4526 (1048-1054).
1039 4446 1137 4503 Natus
1165 4444 1202 4504 de
1218 4444 1408 4521 suscipienda
1418 4462 1518 4521 pugna
1533 4445 1565 4502 in
1581 4444 1685 4519 primis
1702 4442 1802 4501 adver·

494 4538 543 4593 est
567 4536 677 4603 Bruno,
703 4534 746 4591 ita
771 4538 840 4593 ante
865 4535 1079 4610 appellabatur,
1104 4534 1137 4591 in
1165 4551 1217 4591 sus
1234 4533 1390 4592 simoniam
1407 4538 1497 4609 atque
1512 4532 1685 4592 clericorum
1703 4533 1803 4590 incon·

496 4624 629 4683 Alsatiae
660 4623 769 4699 oppido
800 4623 951 4700 Egisheim
985 4633 1035 4686 21.
1066 4622 1137 4685 Jun.
1165 4622 1332 4685 tinentiam.
1357 4618 1802 4703 Hincplnra(ll)habuitoon·

500 4723 582 4776 1002
600 4712 787 4771 nobilissima
803 4713 905 4789 stirpe.
937 4712 1017 4771 Puer
1031 4712 1137 4771 educa·
1165 4707 1274 4794 silim),
1291 4712 1323 4769 in
1339 4712 1448 4787 quibus
1464 4712 1501 4770 de
1511 4709 1657 4786 episcopie
1667 4709 1801 4786 pluribus

496 4806 547 4860 tus
563 4802 621 4861 fnit
636 4801 717 4860 'Pulli
732 4800 833 4877 ibique
850 4802 969 4861 ridetur
984 4802 1137 4877 professus
1165 4800 1202 4859 ob
1226 4801 1382 4859 simoniam
1401 4801 1557 4876 judicavit,
1581 4799 1698 4873 aliquot
1714 4799 1801 4874 depo·

496 4892 589 4951 vitam
612 4890 819 4949 monasticam:
850 4890 920 4949 inde
950 4890 1070 4948 transiit
1100 4889 1137 4948 ad
1165 4944 1325 4950 ,-..-

497 4980 595 5038 aulam
620 4978 745 5038 conradi
769 4980 805 5050 11,
831 4980 879 5038 cui
904 4979 1050 5056 sanguine
1075 4982 1139 5037 erat
1206 5011 1223 5070 1)
1247 5006 1288 5059 Cf·
1320 5006 1354 5059 de
1386 5006 1430 5058 hig
1461 5004 1578 5073 synodi„
1609 5003 1740 5057 Heme
1764 5001 1801 5054 ῃ·

493 5070 629 5143 junctus,
653 5071 775 5143 propter
798 5086 914 5126 morum
931 5068 1086 5126 candorem
1108 5072 1139 5126 et
1167 5083 1246 5143 §539
1259 5095 1294 5130 ss.
