4350 5934
548 604 608 660 ’ἴθι
800 592 949 643 851-900.
963 586 1225 657 Theotpolemica.
1238 585 1363 651 Nicetes,
1376 584 1599 642 Gotteschalcua
1672 582 1676 585 ’
1790 604 1847 660 733

592 781 665 838 429.
689 774 824 849 Denique
847 791 883 833 ex
906 773 1055 851 theologis
1077 774 1186 850 pole·
1212 774 1286 834 chus
1302 774 1335 837 Ο.
1351 773 1380 833 S.
1395 772 1469 832 Ben.
1483 773 1605 832 natione
1620 776 1703 846 Saxo,
1722 775 1849 851 parenti·

544 862 659 921 micis
682 862 812 923 Orientis
834 861 1043 922 memorandus
1064 866 1113 922 est
1133 863 1186 922 ad·
1213 864 1270 922 bus
1284 862 1438 923 nobilibus
1452 866 1552 938 uatus,
1568 866 1660 939 atque
1674 884 1751 941 puer
1763 863 1803 922 ab
1816 864 1851 921 iis

545 952 605 1011 buo
620 952 796 1021 Nicetes,
820 953 916 1027 patria
937 954 974 1011 ιιι
992 951 1114 1011 ridetur
1127 953 1187 1028 By·
1214 954 1276 1012 Deo
1305 953 1338 1011 iu
1362 951 1544 1011 monasterio
1569 952 1701 1012 fuldensi
1726 953 1850 1013 oblatus

544 1041 691 1111 munus,
708 1041 785 1100 alius
801 1059 818 1099 u
833 1040 939 1100 Niceta
953 1039 1114 1112 Davide,
1134 1060 1186 1101 ou·
1213 1043 1287 1101 (lum
1311 1042 1355 1101 its
1378 1040 1417 1101 ad
1441 1039 1628 1101 induendum
1653 1060 1677 1103 ι.
1700 1042 1851 1101 Benedicti

544 1130 593 1203 ius
602 1125 788 1211 supra(p.'l'l
793 1126 856 1213 8ι.)
862 1130 1042 1189 mentionem
1052 1129 1187 1190 fecimus:
1214 1130 1348 1191 habitum
1364 1134 1396 1191 οι
1412 1128 1450 1190 ud
1465 1148 1504 1190 ss.
1520 1130 1727 1207 suscipiendos
1736 1131 1852 1191 ordines

545 1220 598 1295 qui
621 1219 722 1278 floruit
737 1222 863 1279 exeunte
879 1236 935 1281 sec.
952 1219 999 1280 IX.
1031 1218 1087 1278 Hic
1109 1220 1185 1280 euim
1213 1220 1408 1298 obligaretur,
1424 1220 1545 1298 aufugit
1559 1222 1591 1278 et
1605 1220 1810 1297 adepiscopos
1822 1219 1852 1279 iu

544 1308 668 1384 reliquit
678 1308 890 1383 Retutctionam
899 1312 930 1366 et
939 1310 1108 1392 coercionem
1122 1310 1185 1386 epi·
1213 1311 1326 1387 synode
1335 1307 1513 1387 mogontine
1522 1303 1614 1391 (829)
1623 1310 1806 1386 provocarit,
1820 1312 1853 1368 ut

545 1398 639 1457 stolae
663 1396 700 1455 eb
725 1398 883 1457 Armeniae
911 1397 1045 1473 principe
1069 1399 1186 1469 missae,
1213 1400 1252 1458 ab
1267 1400 1321 1458 hac
1337 1399 1503 1457 solveretur
1511 1398 1702 1475 obligatione
1728 1398 1787 1457 Sed
1802 1398 1851 1457 ob

545 1506 622 1563 quae
644 1486 791 1546 invidiose
815 1486 905 1546 fidem
929 1490 1061 1545 nostram
1086 1487 1186 1546 ortho-
1213 1487 1566 1547 stititRabanushiaurus
1574 1485 1674 1552 abbas.
1685 1489 1751 1562 ejus
1761 1504 1853 1563 quon·

546 1576 654 1635 doxam
669 1578 701 1633 et
715 1594 737 1634 ι.
758 1580 789 1633 et
804 1575 1021 1635 oecumenicam
1039 1576 1187 1651 synodum
1214 1577 1283 1636 dam
1298 1580 1330 1635 et
1345 1577 1497 1653 magister,
1519 1576 1601 1635 edito
1614 1577 1703 1635 etism
1719 1576 1739 1634 h
1754 1579 1855 1635 contre

547 1665 595 1724 1v.
612 1664 795 1736 criminatur,
813 1665 902 1739 jussu
916 1664 1068 1723 Christum
1085 1684 1185 1723 amau·
1214 1684 1274 1737 eos,
1305 1666 1357 1742 qni
1387 1669 1559 1742 repugnant
1581 1665 1734 1725 institutis
1758 1666 1789 1727 b.
1824 1664 1854 1722 P.

546 1753 587 1812 tis
598 1756 629 1812 et
638 1753 766 1829 piissimi
775 1753 972 1829 imperatoris,
989 1772 1066 1828 quae
1076 1754 1187 1830 scripta
1215 1754 1378 1825 Benedicti,
1403 1773 1456 1813 seu
1480 1756 1517 1813 de
1537 1754 1677 1815 ιιῐιιιίοιιι
1693 1772 1854 1828 puerorum

546 1846 592 1903 est
607 1843 643 1901 ad
662 1842 823 1918 principem
841 1846 872 1902 et
893 1842 926 1900 in
945 1862 1005 1917 que
1020 1843 1187 1918 patriarcha
1215 1840 1357 1925 (Migne
1371 1842 1471 1903 CXXV
1486 1842 1532 1903 ad.
1549 1853 1613 1906 419
1630 1838 1692 1925 ιι).
1714 1844 1795 1902 Hinc
1809 1861 1855 1901 co·

545 1930 700 1991 inducitur
720 1932 854 2007 loquens.
885 1931 927 1990 Ea
949 1934 997 1989 est
1017 1932 1187 1991 doctissime
1213 1937 1298 1993 actus
1315 1936 1362 1991 est
1379 1932 1477 1991 redire
1498 1933 1535 1991 ad
1557 1933 1783 2002 monesterium,
1806 1932 1854 1991 sed

545 2022 611 2079 tum
631 2024 877 2098 argumentorum
900 2020 983 2096 copia
1005 2026 1037 2080 et
1058 2022 1097 2089 ri,
1121 2026 1185 2079 tum
1214 2023 1392 2099 permissum
1408 2022 1435 2080 ei
1449 2021 1517 2091 luit,
1534 2024 1571 2081 ut
1583 2022 1734 2081 secederet
1748 2020 1783 2079 iu
1795 2040 1855 2080 mo·

545 2111 760 2169 sententiarum
777 2110 934 2187 gravitate.
957 2112 988 2168 οι
1010 2128 1049 2170 ss.
1065 2113 1185 2185 patrum
1213 2111 1379 2171 uastarium
1390 2110 1557 2180 orbacense,
1570 2110 1854 2189 ubimeguoerdore

545 2199 774 2257 auctoritatibus
790 2198 984 2257 refertissima
1004 2202 1035 2257 et
1049 2217 1119 2258 vere
1134 2219 1187 2259 eu·
1214 2201 1315 2260 studio
1331 2218 1363 2259 se
1378 2199 1469 2267 dedit,
1485 2200 1660 2275 praesertim
1669 2199 1854 2275 quaestioni·

545 2287 875 2358 rea,ed.ina11asii
892 2288 1186 2347 Grmcioorrtcdoxo
1213 2290 1271 2349 bus
1293 2308 1324 2349 se
1346 2288 1494 2347 immersit
1514 2288 1553 2349 de
1573 2288 1853 2365 praedestinatione.

544 2378 567 2439 ι
582 2376 612 2447 1;
638 2377 804 2450 Consolatio
818 2376 890 2449 fulsi
904 2374 982 2453 libri,
1008 2395 1097 2451 quem
1113 2378 1185 2436 scri·
1213 2380 1326 2438 lucum
1340 2377 1448 2437 incidit
1460 2396 1599 2449 errorem,
1614 2379 1653 2437 ut
1666 2378 1856 2437 contenderet

545 2465 609 2541 psit
625 2465 902 2525 blohammedes
918 2466 1014 2535 arabs,
1032 2465 1077 2526 ed.
1089 2466 1185 2525 allai
1213 2468 1268 2527 Dei
1294 2466 1617 2543 ,praedestinationem
1640 2466 1744 2538 iacere,
1779 2466 1855 2542 qnod

544 2554 617 2614 bibl.
632 2572 709 2613 nove
724 2555 779 2617 PP.
796 2554 844 2624 IV,
863 2563 922 2618 321
943 2572 990 2627 ss,
1011 2555 1043 2613 in
1058 2574 1118 2629 qua
1133 2554 1184 2613 ad·
1213 2557 1366 2616 nechomo
1380 2556 1415 2614 ad
1432 2556 1526 2614 ritem
1535 2554 1780 2631 praedestinatus
1791 2574 1855 2632 pos·

545 2643 629 2702 ducit
644 2643 677 2701 in
695 2643 822 2721 siugulis
838 2660 879 2707 cc.
896 2644 1105 2705 Mohemmedis
1120 2648 1184 2703 tex-
1214 2645 1255 2705 sit
1270 2646 1303 2704 in
1316 2650 1442 2704 mortem
1452 2644 1591 2715 incidere,
1608 2663 1664 2704 nec
1677 2644 1715 2703 ad
1730 2649 1855 2704 mortem

544 2734 619 2801 tum,
636 2751 725 2808 quem
740 2731 860 2795 refellit.
890 2732 932 2794 Ilo
954 2733 987 2791 iu
1009 2752 1056 2808 op,
1072 2733 1187 2794 theolo·
1214 2734 1454 2813 praedestinatus
1470 2734 1636 2794 ullomodo
1658 2752 1691 2793 ιο
1710 2734 1808 2809 possit
1822 2732 1855 2791 ad

545 2820 611 2899 giae
642 2822 720 2897 apud
751 2840 871 2899 graecos
901 2821 1095 2881 scholasticae
1133 2840 1186 2881 seu
1215 2825 1306 2883 vitam
1333 2831 1540 2899 recuperare‘‚
1572 2822 1724 2899 duplicem
1753 2822 1856 2882 distin·

545 2910 745 2987 speculativae
753 2910 911 2987 imaginem
929 2911 1091 2987 genuinam
1105 2911 1186 2986 aspi·
1213 2912 1629 2990 guauspraedestinationem.
1655 2912 1855 2987 Suasopin'io·

546 2999 649 3071 cimus,
666 3003 696 3059 οι
711 3000 807 3077 graeci
823 3000 937 3076 ingenii
951 3004 982 3059 et
997 2999 1100 3059 doctae
1116 3000 1186 3060 soli·
1213 3020 1266 3061 nes
1282 3020 1336 3077 per
1350 3001 1447 3060 varias
1464 3000 1586 3060 diffudit
1601 3001 1749 3079 regiones,
1770 3019 1856 3075 quam

545 3089 659 3163 dasque
682 3089 860 3148 subtilitatis
885 3088 1004 3166 insigne
1027 3089 1186 3165 specimen.
1214 3092 1253 3150 ob
1277 3108 1340 3149 rem
1364 3090 1503 3149 Rabsuus
1525 3094 1629 3149 contra
1652 3108 1703 3149 eas
1725 3090 1853 3166 scripsit,

543 3177 642 3236 Eabes
656 3180 820 3255 utrumque
836 3177 947 3237 librum
963 3178 995 3235 in
1011 3178 1057 3237 hii
1066 3194 1138 3255 gne
1155 3178 1185 3237 P.
1213 3198 1324 3255 eaeque
1335 3180 1424 3239 etiam
1434 3179 1590 3238 damnatae
1600 3179 1683 3239 fuere
1698 3178 1731 3237 in
1741 3178 1854 3256 syuodo

544 3266 575 3329 S.
593 3266 648 3337 CV,
668 3276 851 3332 saa-843.
882 3267 938 3325 Sed
959 3267 1080 3343 scripsit
1095 3266 1186 3327 etiam
1214 3269 1392 3345 moguntina
1407 3263 1511 3347 (848),
1529 3271 1561 3326 et
1575 3268 1641 3344 ipse
1656 3268 1788 3328 traditus
1804 3285 1853 3343 pro

543 3358 647 3414 eontra
656 3356 777 3415 Latinos
787 3357 821 3414 de
827 3358 1009 3431 processione
1019 3357 1151 3431 Spiritus
1162 3376 1186 3422 a.
1213 3358 1396 3417 correctione
1411 3356 1572 3416 Hincmare
1586 3356 1725 3417 remensi.
1756 3355 1793 3415 Iu
1808 3374 1853 3432 sy·

543 3463 578 3503 ex
602 3446 667 3503 solo
693 3446 788 3513 Patre,
821 3464 910 3521 quem
941 3446 961 3508 t
991 3445 1080 3505 hebes
1104 3446 1185 3519 apud
1213 3446 1291 3505 uodo
1307 3445 1446 3505 carisiaci
1462 3446 1565 3505 habita
1579 3441 1674 3525 (849)
1690 3445 1751 3505 fuit
1765 3446 1853 3521 depo·

542 3534 864 3610 flergenroether
879 3536 1071 3593 Monumentu
1081 3553 1187 3611 ςιιοιι
1214 3535 1292 3595 situs
1308 3535 1347 3594 ob
1366 3534 1594 3611 presbyteratus
1610 3534 1747 3594 ordinem
1762 3534 1853 3593 inscio

543 3626 607 3692 etc,
624 3622 819 3700 Regensburg
837 3633 920 3687 1869
938 3644 966 3699 p.
979 3632 1141 3687 84-138,
1213 3624 1349 3701 episcopo
1371 3622 1552 3692 diocescano,
1576 3623 1709 3683 Rothado
1724 3622 1852 3683 suessio·

1213 3713 1308 3784 nessi,
1327 3718 1511 3789 susceptum,
1534 3716 1566 3771 et
1578 3717 1724 3789 perpetuo
1740 3713 1778 3772 de
1794 3711 1853 3771 suis
1933 3765 1934 3768 ,

589 3810 664 3866 430.
680 3803 747 3862 Jam
769 3818 824 3859 nos
841 3803 1047 3860 convertemus
1063 3802 1099 3860 ad
1117 3802 1184 3861 Oc·
1213 3802 1404 3878 opinionibus
1421 3801 1543 3861 silentio
1558 3802 1585 3860 ei
1599 3802 1743 3877 imposito
1754 3820 1852 3861 mous·
1933 3817 1934 3828 ¹

542 3890 742 3959 sidentem,
759 3890 814 3949 ubi
828 3890 930 3966 plures
938 3890 1113 3964 reperimus,
1133 3891 1185 3967 qui
1214 3892 1307 3950 sterio
1322 3890 1468 3950 inclusus.
1500 3890 1617 3966 Scripta
1639 3900 1702 3963 sua,
1727 3908 1852 3963 quorum

542 3978 579 4039 de
603 3980 693 4040 rebus
720 3979 883 4039 subtilibus
916 3979 1071 4039 subtiliter
1095 3980 1185 4038 etiam
1213 3982 1428 4039 accuratiorem
1451 3980 1592 4038 notitiem
1618 3997 1678 4039 uon
1702 3980 1851 4047 habemus,

542 4070 742 4145 scripserunt:
774 4074 854 4129 ortae
878 4068 961 4128 enim
985 4072 1058 4127 sunt
1082 4071 1114 4127 et
1138 4069 1186 4127 hic
1212 4068 1277 4145 igni
1298 4069 1414 4127 tradere
1435 4072 1483 4128 est
1499 4071 1615 4144 jussus,
1638 4072 1670 4128 et
1692 4068 1851 4128 meandum

542 4158 927 4228 controversiaeliterariae,
945 4157 1072 4217 sednon
1087 4176 1185 4234 usque
1213 4176 1236 4221 s.
1260 4158 1414 4217 Benedicti
1438 4158 1573 4235 regulam
1597 4157 1773 4217 verberibus
1796 4156 1851 4215 fuit

542 4246 578 4305 ed
606 4248 738 4307 haereses
764 4249 794 4307 et
823 4246 991 4310 schismata.
1031 4247 1184 4323 Ejusmodi
1212 4266 1324 4306 caesus.
1360 4246 1502 4323 Superest
1522 4246 1621 4305 adhuc
1643 4246 1757 4323 duplex
1776 4248 1851 4321 ejus·

542 4336 750 4397 controversiis
774 4336 955 4396 occasionem
981 4336 1186 4411 praebuerunt
1213 4336 1281 4395 dem
1306 4338 1454 4412 confessio,
1487 4336 1607 4395 brevior
1630 4336 1731 4405 altera,
1762 4336 1851 4393 altera

541 4424 601 4484 duo
617 4425 791 4501 praesertim
808 4424 939 4501 theologi
957 4425 1184 4484 Gotteschal·
1212 4425 1356 4501 prolixior
1370 4425 1471 4484 verbis
1488 4424 1620 4501 turgidis
1640 4424 1674 4483 iu
1696 4442 1769 4484 suae
1790 4422 1849 4499 opi·

541 4532 607 4573 cus
622 4515 686 4574 scil.
704 4518 735 4573 οι
754 4514 925 4573 ioannes
949 4513 1086 4591 Erigena,
1111 4533 1184 4589 quo·
1211 4514 1311 4573 nionis
1320 4514 1521 4573 defensionem
1531 4514 1699 4589 conscripta
1715 4510 1850 4593 (iligna

541 4623 608 4662 rum
630 4603 682 4663 ille
702 4602 939 4680 Fulgentius
965 4598 1055 4681 (forte
1080 4604 1183 4662 esuis
1212 4603 1308 4675 cm,
1334 4612 1496 4670 stc-3503
1514 4598 1713 4685 349-366).
1736 4602 1849 4660 Rabano

541 4693 660 4752 asseclis
671 4693 709 4751 ob
718 4696 905 4769 praetensam
922 4710 945 4755 s.
955 4692 1118 4768 Augustini
1134 4693 1184 4751 de·
1212 4692 1355 4751 suadente
1363 4692 1510 4750 attentius
1517 4688 1849 4751 fuitoustodituamude

540 4777 716 4864 sensionem)
738 4782 975 4858 cognominatus,
1000 4781 1059 4840 fuit
1080 4800 1182 4840 mona·
1211 4780 1674 4857 nuliasampliushabuitpartes
1689 4780 1723 4839 in
1737 4783 1848 4840 contre·

1211 4871 1309 4929 versia
1324 4874 1371 4928 sat
1385 4870 1455 4942 acri,
1471 4888 1548 4947 quae
1564 4888 1617 4946 per
1631 4869 1746 4945 aliquot
1760 4882 1847 4927 annos

541 5000 1083 5074 'IbinitetisreperitediditqueTrudp.
1096 5004 1185 5058 Neu·
1211 4959 1294 5018 inter
1315 4959 1489 5036 pmcipum
1511 4959 1602 5034 hujus
1624 4958 1766 5034 t⁰mp⁰fi⁸
1786 4955 1846 5058 ,Ψ

541 5078 628 5145 gart
648 5074 680 5127 in
700 5074 824 5146 append.
837 5076 874 5129 sd
887 5092 971 5129 suum
985 5093 1057 5147 opus
1071 5075 1185 5147 Episco.
1213 5066 1317 5125 ⁸⁰01³⁰⁸
1337 5052 1368 5107 ‘lt
1389 5048 1544 5125 th⁶⁰l⁰8⁰⁸
1560 5048 1613 5108 1¹⁸⁰
1628 5048 1664 5107 de
1679 5050 1846 5123 ‘imum

542 5148 628 5215 patus
640 5146 862 5201 constantiensis
877 5148 895 5211 l,
911 5154 970 5203 520.
1211 5138 1271 5197 luit
1290 5138 1411 5214 agitata.
1443 5137 1500 5197 Vir
1522 5136 1583 5197 fuit
1603 5140 1708 5196 auctor
1728 5135 1845 5209 ancujus
