4350 5934
890 1980 892 1987 ·
957 1926 1087 2027 xvl.

569 2107 849 2245 Seriplores
875 2106 1202 2219 ecelesiastici
1227 2106 1385 2237 seeuli
1408 2106 1469 2217 X.

716 2304 826 2402 Pers
848 2302 996 2402 ultera
1017 2308 1311 2422 (eol-950).

979 2554 1084 2563 ——aeu-

409 2706 481 2763 480.
497 2697 561 2768 Quo
571 2698 1004 2775 eopiosiorsuriptorumetism
1018 2698 1020 2786 l
1035 2700 1168 2776 selpulus
1184 2700 1281 2761 Isonis
1302 2702 1333 2759 et
1350 2700 1480 2761 Marcelli
1499 2698 1673 2783 (Moeugell)

363 2788 529 2847 illustrium
547 2788 581 2848 iu
604 2787 726 2864 periodo
742 2787 932 2864 praecedenti
948 2806 1005 2848 nu·
1033 2788 1673 2867 scotigena,moneehuesungellensis.Bib·

362 2894 471 2949 merus,
495 2896 529 2937 eo
552 2876 687 2937 sterilius
702 2894 841 2954 praesens
856 2881 1006 2954 comperet
1034 2877 1198 2937 liotheeerii
1214 2878 1418 2954 etlloepiterii
1431 2896 1554 2941 munere
1567 2880 1674 2956 lunge·

364 2984 421 3025 see.
438 2965 471 3024 X.
487 2965 654 3026 dimidium.
685 2966 795 3027 Nullus
811 2966 893 3025 iuter
908 2984 1003 3025 rerun-
1033 2965 1124 3025 betur
1153 2967 1186 3025 in
1216 2966 1412 3027 monasterie:
1446 2967 1555 3027 suhulie
1584 2969 1674 3029 etism

364 3072 418 3115 nos
428 3055 541 3115 eminet
548 3054 720 3132 pontifices:
739 3055 799 3115 lere
809 3072 912 3115 omnes
922 3054 1005 3115 brevi
1033 3056 1245 3116 eleustrslibus
1261 3074 1316 3116 seu
1331 3056 1524 3115 interioribus
1536 3056 1674 3133 preefuit.

363 3146 483 3203 tentum
514 3146 646 3221 tempore
684 3144 783 3203 sedem
821 3121 1086 3234 oeeupsruuthlr
1108 3148 1173 3204 eret
1193 3163 1254 3204 uon
1278 3146 1374 3206 solum
1393 3144 1555 3241 insigniter
1568 3145 1674 3206 doetus

363 3232 554 3311 apostolieum
568 3231 803 3309 (quatuordeeim
813 3233 892 3293 enim
902 3252 1004 3293 eurum
1033 3234 1087 3293 sed
1108 3235 1140 3292 st
1160 3232 1296 3293 omnium
1314 3234 1465 3294 virtutum
1479 3238 1588 3293 ometu
1602 3234 1674 3294 illu·

363 3326 560 3382 numerentur
575 3322 630 3381 hoe
645 3322 737 3383 seculi
753 3318 899 3405 dimidio).
931 3323 1005 3383 Gon·
1033 3323 1115 3381 stris.
1155 3323 1202 3381 Ite
1223 3340 1291 3383 eum
1313 3322 1451 3400 depingit
1472 3322 1675 3383 ltlrlrehsrd

363 3412 526 3471 troversiee
548 3415 635 3471 entes
650 3413 758 3472 seritur
772 3428 860 3489 seepe
876 3412 1004 3489 ugitslee
1029 3411 1135 3489 junior
1158 3412 1190 3470 iu
1214 3412 1332 3471 essibus
1355 3412 1525 3471 monesterii
1551 3430 1574 3472 s.
1598 3412 1676 3475 Gelli

364 3501 582 3571 continuerunt,
606 3499 643 3560 de
663 3502 748 3560 cultu
764 3500 827 3559 sell.
843 3518 883 3560 ss.
898 3500 1004 3579 insugi-
1033 3519 1056 3565 e.
1080 3511 1115 3565 3:
1141 3500 1314 3570 ,Notkerus
1336 3518 1465 3577 eurpore,
1490 3520 1552 3561 uon
1576 3502 1675 3561 euimo

363 3608 446 3659 num,
470 3590 506 3647 rle
529 3588 807 3665 praedestinatione,
831 3589 868 3649 de
887 3608 1005 3666 proees—
1032 3590 1161 3667 gracilis,
1178 3608 1257 3662 voce,
1276 3606 1337 3649 uon
1352 3590 1461 3666 spiritu
1475 3590 1625 3662 balbulus,
1642 3591 1688 3650 in·

364 3678 448 3739 sione
464 3676 595 3754 Spiritus
612 3695 644 3749 s.‚
670 3677 707 3737 de
722 3674 933 3763 eucharistie1)
949 3682 1004 3739 etc.
1033 3679 1144 3739 divinis
1160 3683 1287 3749 ereetue,
1303 3678 1337 3738 iu
1351 3678 1483 3740 adversis
1496 3680 1621 3756 petiens,
1637 3679 1675 3738 ed

364 3766 489 3825 Nullum
501 3766 675 3841 reperimu,
691 3767 745 3845 qui
760 3768 841 3827 iuter
850 3768 1132 3845 theologosiorunie
1153 3768 1239 3828 mitis
1263 3768 1296 3826 in
1318 3769 1498 3827 resuntium
1523 3771 1676 3828 ssereret

365 3853 413 3913 vel
430 3854 588 3931 polemieus
604 3856 709 3916 referri
720 3856 824 3933 possit,
841 3857 920 3933 quod
937 3858 1005 3917 hee·
1033 3860 1151 3917 erector
1166 3856 1342 3933 disciplinis,
1359 3901 1366 3915 .
1383 3901 1390 3916 .
1407 3902 1413 3917 .
1436 3858 1469 3916 iu
1488 3857 1608 3929 orendo,
1631 3857 1675 3917 le·

363 3945 453 4002 tenus
469 3962 622 4020 uunqusm
641 3946 728 4004 nobis
750 3946 908 4023 contingit.
940 3946 1005 4006 Pri·
1033 3945 1139 4023 gendo,
1171 3945 1312 4005 distendo
1341 3946 1548 4016 creberrimus,
1579 3950 1610 4005 et
1640 3948 1677 4004 ut

364 4050 441 4103 mus,
459 4032 513 4108 qui
529 4034 676 4093 numiusri
692 4037 795 4105 meret,
812 4037 858 4095 est
872 4035 900 4099 b.
917 4035 1004 4095 Not·
1033 4053 1136 4094 omues
1158 4035 1224 4110 ejus
1243 4034 1412 4093 sanctitutis
1434 4034 1466 4093 in
1488 4035 1573 4093 brevi
1595 4050 1675 4094 conr·

363 4122 496 4193 herus,
521 4121 601 4183 luter
622 4123 782 4201 megistros
803 4124 1005 4200 seugulleuses
1018 4111 1020 4150 ³
1033 4124 1147 4199 plentur
1168 4123 1264 4193 dotes,
1286 4123 1383 4182 renuti
1398 4122 1530 4199 Spiritus
1544 4127 1609 4183 eret
1624 4141 1676 4182 se·

365 4210 441 4271 forle
455 4212 640 4289 praecipuus,
657 4231 675 4273 e
690 4213 811 4291 linguae
826 4212 902 4273 vitio
917 4214 1005 4272 le·
1018 4219 1020 4299 j
1034 4213 1162 4286 sculum,
1178 4230 1238 4288 que
1254 4229 1310 4271 suo
1324 4214 1458 4287 tempore
1473 4210 1675 4274 sbundentius

364 4299 482 4360 bulus
507 4302 741 4379 cognominetur,
772 4301 924 4361 nobilibus
954 4321 1006 4378 pe·
1033 4295 1217 4383 nullum¹).‘
1249 4300 1383 4360 Decessit
1405 4311 1433 4365 6.
1456 4301 1527 4379 Αρτ.
1544 4308 1607 4365 912
1630 4303 1677 4360 et·

365 4389 501 4449 rentibus
520 4394 604 4449 ortus
628 4388 719 4471 (intre
738 4388 935 4473 sau-840),
959 4391 1020 4450 di·'

1018 4501 1020 4512 ·
1075 4491 1094 4561 Ι)
1107 4487 1256 4559 Distingui
1278 4487 1365 4541 debet
1384 4488 1423 4541 eb
1441 4486 1507 4541 eliis
1518 4486 1607 4557 hujus
1628 4503 1677 4542 no·

405 4562 423 4629 ¹)
437 4558 478 4614 De
500 4561 554 4614 hec
577 4559 709 4616 libellum
730 4560 891 4631 composuit
913 4527 1020 4636 ltere*
1037 4559 1133 4624 minis,
1146 4558 1182 4611 de
1195 4558 1302 4628 quibus
1314 4558 1391 4613 iufn
1404 4558 1511 4613 redibit
1522 4574 1622 4613 sermo.
1636 4556 1677 4614 lle

366 4628 475 4698 primus
488 4632 577 4685 abbas
591 4648 611 4685 s.
626 4631 702 4685 Petri
723 4634 753 4685 et
771 4649 791 4689 s.
805 4631 924 4686 Martini
941 4631 1006 4686 Tor·
1038 4632 1136 4686 nostro
1153 4630 1189 4684 ul.
1209 4630 1271 4685 rite
1286 4631 1325 4684 eb
1336 4628 1544 4683 Ekkehsrdo
1557 4627 1677 4685 Minimo

366 4704 450 4754 tense
463 4702 495 4755 iu
509 4702 628 4774 Liguris
646 4703 682 4772 (ll.
697 4700 772 4757 eires
785 4703 871 4769 huius
884 4720 939 4757 see.
951 4719 1006 4757 me·
1038 4702 1201 4772 eonseripte
1221 4700 1375 4771 (erroribus
1394 4701 1499 4754 referte
1515 4702 1601 4771 juxte
1613 4699 1678 4755 llu-

365 4770 466 4853 erum),
485 4775 534 4827 seu
553 4774 610 4827 ure
625 4773 808 4828 namuurum
822 4758 1006 4838 murum,
1019 4811 1021 4824 .
1035 4772 1171 4844 ernon)
1191 4772 1222 4826 tn
1242 4770 1391 4828 canisii
1403 4772 1469 4827 reos
1481 4779 1506 4835 2,
1521 4774 1677 4831 eru-ure:

365 4844 529 4915 exsurrprit:
542 4845 611 4900 hine
625 4844 678 4897 Mu
689 4843 785 4900 billu
794 4863 813 4899 u
825 4845 856 4899 iu
866 4844 936 4899 llus.
946 4844 978 4897 it
988 4845 1008 4909 1,
1034 4843 1066 4897 iu
1079 4844 1159 4897 Astis
1170 4844 1217 4898 Sd.
1229 4849 1255 4899 6.
1265 4844 1335 4915 Ape.
1347 4851 1371 4907 1,
1382 4850 1538 4904 tue-2472
1551 4842 1678 4897 llebil·

366 4922 472 4972 89-95
486 4915 693 4985 praelationem
712 4916 1007 4985 teutumetuspitum
1020 4967 1022 4984 ‚
1035 4914 1136 4970 lonii
1159 4914 1286 4986 elogium
1308 4914 1477 4969 historicum
1499 4913 1530 4969 iu
1552 4916 1615 4973 Aut.
1629 4914 1677 4969 88.

365 4985 490 5041 indicem
503 4985 605 5051 edidit,
625 4986 683 5041 elie
702 4986 888 5042 Murutori
901 4986 1021 5041 Auecdu
1037 4984 1098 5051 Vll,
1115 4992 1218 5043 11-22
1240 4985 1329 5057 (epud
1341 4985 1370 5039 11
1379 4986 1466 5057 igne
1479 4986 1601 5051 (mxxi
1614 4992 1678 5042 983·

366 5058 414 5118 111,
428 5062 480 5114 237
494 5074 528 5111 ss.
549 5058 661 5113 omissis
680 5057 725 5121 iis,
747 5074 822 5129 quse
841 5074 873 5113 ex
892 5058 923 5112 P.
935 5058 1008 5111 llud·
1036 5056 1430 5128 9llllzlleyerr.1(uonuu
1443 5056 1614 5113 Lubensbild
1627 5056 1677 5111 des

367 5130 446 5182 berte
467 5132 496 5183 et
515 5146 547 5182 ex
568 5129 634 5184 eliis
692 5128 785 5183 tribus
805 5129 917 5187 hausit:
940 5129 1008 5183 iude
1035 5127 1075 5182 hl.
1090 5129 1202 5183 Notker
1214 5146 1270 5184 von
1283 5129 1324 5184 St.
1332 5128 1473 5184 Gelleuin
1481 5128 1678 5185 Mittlreilder

367 5198 492 5269 Migne
506 5200 648 5257 CXXXVI
663 5244 669 5267 ,
683 5206 832 5259 eso-407.
1020 5200 1180 5269 ¹antiquus.
1194 5200 1347 5257 Gerellseh.
1358 5201 1390 5255 in
1404 5199 1514 5255 leriuh.
1524 5202 1601 5260 1877.
1611 5198 1677 5255 xlx
