4350 5934
1091 1878 1220 1977 XIV.

695 2058 974 2195 Scriptores
1002 2058 1328 2169 ecelesiastici
1354 2059 1513 2170 seculi
1539 2058 1619 2168 lli.

851 2254 963 2352 Pars
985 2252 1118 2374 prior
1137 2254 1442 2375 (ool-850).

545 2661 617 2715 381.
642 2650 710 2711 Janr
736 2650 868 2710 feliciora
897 2650 1048 2727 incipiunt
1078 2654 1139 2709 tam
1153 2647 1156 2670 '
1168 2650 1261 2725 priori
1269 2651 1360 2726 hujus
1368 2652 1459 2711 seculi
1469 2651 1594 2711 dimidio
1609 2651 1739 2711 occurrit
1752 2670 1810 2712 no·

498 2759 550 2815 pro
565 2740 660 2801 literis
677 2740 707 2799 in
724 2758 839 2817 genere,
856 2758 945 2815 quarn
968 2758 1021 2815 pro
1037 2739 1139 2799 studio
1168 2740 1213 2799 bis
1237 2758 1261 2799 s.
1282 2740 1341 2799 Iao
1356 2740 1409 2803 111.
1430 2743 1518 2799 antea
1536 2741 1692 2817 presbyter
1712 2741 1812 2800 cardi·

497 2829 662 2907 theologico
686 2831 718 2888 in
741 2829 836 2905 speeie
861 2832 1003 2905 tempora.
1034 2828 1140 2887 Studia
1166 2829 1243 2889 nulia
1258 2832 1290 2887 et
1304 2828 1464 2889 vestiarius
1479 2829 1586 2906 palatii
1601 2829 1812 2901 lateranensis,

497 2918 576 2977 enim
586 2937 675 2994 quarn
686 2918 811 2977 maxime
818 2919 967 2994 promovit
974 2917 1138 2979 Carolusll.
1166 2918 1220 2993 qui
1235 2917 1283 2976 die
1298 2918 1437 2993 sequenti
1445 2921 1515 2995 post
1523 2918 1666 2977 Hadriani
1681 2922 1812 2979 mortem

497 3026 557 3067 non
572 3010 690 3067 tantum
710 3007 800 3067 armis
815 3006 896 3077 felix,
921 3006 973 3066 sed
988 3009 1019 3067 et
1034 3006 1070 3066 de
1086 3007 1138 3066 ad·
1168 3016 1218 3069 26.
1234 3007 1301 3069 Dee.
1318 3003 1409 3088 (795)
1433 3007 1547 3067 electus
1568 3010 1616 3067 est
1638 3027 1677 3077 ,a
1691 3008 1810 3067 cunctis

496 3096 703 3156 ministrandis
713 3097 776 3156 suis
787 3096 889 3174 regnis
898 3096 931 3156 in
948 3096 1137 3155 subditorum
1166 3095 1368 3156 sacerdotibus
1392 3114 1446 3155 sau
1468 3097 1642 3172 proceribus
1672 3100 1704 3156 et
1726 3098 1811 3157 omni

496 3186 682 3245 commodum
705 3185 869 3249 studiosus.
899 3184 1038 3261 Undique
1063 3185 1138 3243 aeci·
1165 3186 1244 3245 clero
1258 3204 1314 3244 nee
1322 3203 1383 3245 non
1392 3189 1424 3245 et
1433 3185 1632 3260 optimatibus
1641 3186 1690 3245 vel
1699 3190 1809 3246 cuncto

424 3304 425 3308 ,
496 3275 541 3333 vit
556 3275 636 3334 viros
652 3274 846 3346 doctissimos,
863 3274 979 3335 scholae
994 3274 1136 3343 condidit,
1165 3275 1276 3350 populo
1306 3291 1427 3334 romano
1457 3268 1533 3355 (Lib.
1564 3270 1692 3357 pont.).‘
1729 3276 1811 3335 Dum

496 3363 651 3423 literarum
673 3362 773 3423 studia
788 3362 952 3423 liberaliter
975 3362 1059 3433 ierit,
1076 3362 1137 3421 imo
1168 3366 1377 3439 senories
1396 3364 1428 3421 in
1437 3364 1591 3423 ecelesiam
1605 3364 1633 3429 b,
1642 3365 1809 3441 Laurentii,

496 3454 544 3511 rel
559 3453 639 3511 inter
653 3470 735 3511 arma
751 3452 938 3527 quaestiones
953 3452 1136 3528 theologicas
1166 3470 1242 3527 quae
1263 3452 1393 3512 Lucinae
1418 3453 1596 3528 appellatur,
1616 3454 1811 3532 egrederetur

496 3544 528 3600 et
543 3541 579 3600 de
595 3540 652 3600 fide
668 3542 884 3601 controversias
893 3558 954 3599 non
963 3541 1096 3617 neglexit
1102 3535 1136 3621 ¹).
1165 3542 1302 3601 litaniam
1317 3544 1348 3601 et
1363 3541 1472 3601 missae
1481 3542 1626 3601 solemnia
1641 3544 1809 3603 celebratu-

496 3630 605 3689 eontra
628 3633 812 3706 emergentes
835 3648 948 3689 errores
973 3634 1005 3689 et
1019 3648 1073 3705 pro
1089 3648 1137 3688 re·
1165 3649 1227 3701 rus,
1243 3630 1398 3689 invaditur
1413 3651 1430 3689 a
1446 3631 1578 3691 Pascbali
1594 3632 1761 3709 primicerio
1776 3635 1810 3692 at

496 3718 655 3777 stauranda
676 3718 833 3793 disciplina
855 3719 1052 3778 ecelesiastica
1068 3736 1135 3793 paa-
1165 3719 1809 3797 (lampulosacellarioHudrianiLnepotibna

496 3808 554 3865 sim
564 3806 716 3883 episcopos
726 3807 758 3865 in
769 3809 896 3884 synodos
906 3808 1042 3884 coegisse
1052 3807 1136 3867 theo·
1164 3808 1430 3885 eorumqueaoeiis‚
1445 3809 1498 3885 qui
1507 3828 1634 3886 ,papam
1649 3810 1682 3868 in
1696 3812 1809 3868 terram

497 3897 579 3972 logos
594 3896 630 3955 ad
646 3896 862 3973 componendos
878 3898 911 3957 in
926 3897 1052 3956 tutelam
1068 3897 1137 3955 fidei
1166 3899 1355 3974 projecerunt
1376 3902 1407 3956 et
1429 3899 1541 3974 absque
1563 3899 1626 3957 nlla
1641 3898 1809 3958 misericor·

496 3985 656 4045 catholicae
672 3985 764 4045 libros
780 3986 928 4049 excitarit.
946 3985 1042 4053 Quare
1057 3986 1135 4045 mul-
1165 3987 1214 4045 dia
1229 3986 1390 4045 scindendo
1406 3989 1437 4046 et
1451 3986 1606 4063 spoliando
1615 4006 1685 4047 eum
1700 3988 1807 4047 crude·

495 4076 542 4133 tos
559 4073 613 4133 bae
637 4075 747 4151 epocha
771 4076 923 4134 nominare
945 4074 1048 4135 licebit
1063 4075 1136 4133 scri·
1165 4077 1235 4135 liter
1250 4076 1351 4134 oculos
1367 4075 1394 4133 ei
1410 4076 1536 4135 evellere
1561 4080 1591 4135 et
1606 4077 1706 4154 ipsum
1721 4078 1808 4154 peni-

495 4165 595 4239 ptores
611 4163 1004 4239 ecclesiasticos‚interquoa
1020 4164 1138 4238 aliquot
1165 4169 1214 4223 tus
1239 4184 1355 4224 caecare
1379 4165 1478 4224 conati
1502 4170 1583 4232 sunt,
1609 4186 1679 4225 uam
1702 4167 1809 4244 lingua

496 4252 638 4329 insignes.
670 4253 708 4310 Et
732 4253 853 4327 quidem
874 4254 957 4312 inter
982 4252 1136 4329 pontifices
1165 4256 1230 4329 ejus
1247 4255 1377 4330 praecisa
1387 4260 1440 4324 est,
1451 4260 1482 4313 et
1491 4256 1527 4312 ut
1535 4256 1593 4330 ipsi
1603 4257 1723 4316 omnino
1732 4260 1808 4315 tunc

1165 4343 1303 4402 arbitrati
1318 4347 1399 4411 aunt,
1415 4360 1535 4401 coecum
1557 4362 1625 4403 eum
1641 4348 1673 4402 et
1687 4348 1808 4403 mutum

535 4443 553 4511 ¹)
568 4440 610 4494 lte
624 4440 658 4494 de
672 4457 704 4495 eo
724 4441 825 4495 scribit
846 4440 1086 4495 Walefridus
1106 4441 1137 4494 in
1164 4434 1196 4490 in
1212 4432 1308 4491 media
1317 4431 1604 4506 plateadimiserunt
1614 4428 1660 4515 (in
1669 4434 1734 4510 ejus
1743 4433 1809 4493 rita

495 4512 583 4634 fimf·
606 4512 643 4565 ad
663 4511 801 4594 Einhfflfli
824 4512 915 4593 vita-m
938 4512 1032 4593 CRPOli
1054 4513 1137 4583 (Μὁ
1149 4517 1152 4578 t
1165 4523 1196 4580 in
1212 4521 1231 4579 l.
1248 4515 1424 4602 pontificali)
1432 4528 1455 4591 ‘‚
1467 4520 1538 4581 dein
1547 4540 1617 4581 eum
1626 4523 1807 4583 monasterio

495 4583 832 4709 aiiffifflssggffipe
841 4602 893 4652 ‘1¹¹¹
901 4601 1028 4665 ⁰¹¹¹l¹iu¹¹¹
1036 4600 1136 4665 regum
1166 4629 1204 4671 ss.
1221 4610 1356 4669 Silvestri
1381 4616 1412 4669 et
1435 4610 1577 4686 Stephani
1602 4611 1806 4672 incluserunt:

804 4656 1137 4725 prentesdrlrgenterrn-
1298 4699 1329 4711 ..
1667 4700 1673 4713 .
1743 4700 1748 4713 .
1775 4701 1781 4713 .

496 4724 1137 4797 quireressqutfflmomnidelecqationefflo,
1166 4700 1245 4758 unde
1255 4699 1382 4759 feliciter
1392 4703 1513 4775 ereptus
1524 4702 1560 4758 ab
1570 4701 1691 4760 asseclis
1699 4700 1806 4760 fidrarn

495 4798 686 4865 sopherentur
705 4799 840 4853 excolere.
867 4798 932 4852 Ideo
953 4797 1137 4879 reguieDeo
1166 4789 1352 4847 Germaniam
1384 4789 1519 4865 confugit
1548 4789 1586 4847 ad
1609 4790 1745 4849 carolum
1767 4790 1806 4854 Μ.

494 4866 550 4923 eibi
563 4869 705 4923 commissi
718 4871 884 4924 nebulosam
895 4874 932 4932 et,
940 4872 975 4922 ut
984 4872 1025 4922 rte
1035 4868 1137 4933 dicum,
1165 4877 1301 4936 Mimuli
1316 4878 1412 4936 instar
1426 4878 1525 4936 visum
1541 4881 1593 4949 est,
1610 4879 1636 4937 qi
1651 4897 1712 4937 non
1721 4879 1806 4955 peni.

495 4940 1137 5009 paenccaecamlatitudinemtotiuescientiac
1150 4959 1153 5030 i
1166 4972 1214 5026 tus
1230 4967 1358 5025 excisam
1373 4985 1438 5025 esee
1453 4965 1587 5043 linguam
1610 4968 1805 5027 exstinctum·

495 5028 570 5067 nova
584 5011 768 5066 irradiatione
786 5014 815 5067 et
833 5012 902 5066 huic
916 5012 1056 5067 barbariei
1070 5015 1137 5065 ante
1703 5057 1710 5069 .
1750 5056 1756 5069 .
1782 5057 1788 5068 .

1165 5076 1223 5131 que
1238 5057 1340 5114 lumen
1357 5056 1519 5127 oculorum,
1537 5057 1583 5115 rel
1599 5057 1669 5115 baec
1684 5076 1713 5117 er
1728 5056 1805 5115 drvr-

495 5082 600 5207 ssartim
627 5082 774 5153 incognite
805 5084 991 5158 luminosum]
1011 5083 1138 5137 reddidit
1188 5146 1194 5157 ·
1428 5145 1434 5156 ¹
1670 5146 1677 5159 ι
1716 5145 1722 5158 ·
1758 5146 1764 5158 ι

521 5170 553 5209 eo
568 5154 757 5208 illustrantes.
1165 5148 1248 5205 nrtns
1264 5146 1347 5205 fuere
1363 5146 1513 5204 restrtuta.
1539 5144 1580 5203 lix
1596 5146 1725 5223 longrorr
1739 5164 1805 5221 eJua
