4350 5934
488 628 545 683 271
947 614 1098 666 401-431.
1113 609 1140 663 S.
1154 608 1343 681 Augustinus.
1732 626 1794 681 272

488 818 551 868 nae,
583 797 643 857 imo
670 795 819 857 Ecclesiae
844 794 1029 859 universalis.
1069 796 1128 869 Pro
1204 804 1275 859 148.
1299 795 1335 855 In
1361 814 1385 859 a.
1410 796 1557 872 praesulis
1582 796 1685 855 laudes
1710 796 1797 855 effusi

487 887 556 947 fidei
572 886 749 947 christianae
773 885 904 961 puritate
928 883 1129 944 conservande
1156 885 1373 944 santumnium
1392 888 1522 945 aetatum
1539 884 1711 961 scriptores.
1740 884 1796 943 hii·

486 976 633 1054 vigilabat
641 978 782 1045 attentus,
799 976 830 1033 et
844 972 1127 1049 ubicunquepulln-
1155 977 1261 1033 rantur
1280 974 1393 1051 inipso
1409 974 1587 1033 eruditionis
1603 974 1726 1050 copiam,
1750 974 1796 1033 in·

487 1066 592 1125 labant
612 1081 735 1136 errores,
752 1063 958 1140 paratissimus
974 1062 1077 1121 aderat
1092 1062 1127 1120 ad
1155 1062 1236 1140 genii
1262 1064 1459 1139 sagacitatem,
1491 1082 1552 1139 qna
1583 1062 1796 1122 subtilissimas

487 1172 538 1214 eos
553 1153 730 1213 refellendos
746 1156 778 1213 et
792 1150 975 1211 dedocendus
985 1153 1127 1210 errantes.
1156 1154 1256 1211 movet
1280 1152 1316 1211 de
1339 1151 1523 1229 difficillimis
1538 1152 1690 1229 mysteriis
1707 1170 1798 1229 quas-

486 1242 565 1302 Hiuc
588 1244 653 1319 ejus
676 1243 863 1318 episcopatus
888 1244 934 1299 est
959 1240 1129 1315 interrupta
1156 1242 1282 1311 stiones,
1313 1242 1394 1300 unde
1415 1240 1582 1319 theologiae
1606 1240 1798 1301 scholasticae

487 1350 640 1407 nunquam
663 1331 755 1391 series
775 1330 969 1390 certaminum
984 1329 1127 1388 adversm
1156 1330 1262 1389 stravit
1277 1330 1371 1399 viam;
1388 1330 1538 1389 mirantur
1546 1330 1680 1389 idearum
1689 1328 1798 1389 nobili·

488 1422 584 1480 omnis
616 1420 734 1497 generis
765 1420 913 1490 haereses,
950 1417 1128 1494 praeprimis
1155 1420 1255 1489 tatem,
1282 1418 1373 1477 animi
1397 1418 1637 1496 magnitudinem
1659 1421 1690 1478 et
1712 1416 1796 1478 forti·

487 1509 682 1581 hlauichaeos,
699 1508 832 1578 Arianos,
848 1507 1028 1577 Donatistae,
1042 1507 1127 1565 Pela·
1156 1507 1300 1577 tudinem,
1315 1526 1392 1583 quae
1407 1526 1443 1567 ex
1459 1507 1598 1568 omnibus
1613 1509 1711 1567 elucet
1726 1506 1798 1567 scri·

488 1599 592 1675 giancs
623 1600 654 1657 et
685 1597 944 1674 semipelagianos,
975 1596 1128 1671 laetosque
1156 1596 1224 1671 ptis,
1248 1596 1421 1673 disputandi
1438 1598 1597 1667 solertiam,
1622 1616 1680 1673 qua
1703 1596 1799 1655 omni-

488 1706 573 1763 seepe
588 1688 696 1764 agebat
711 1686 881 1762 triumphos
899 1686 1073 1762 praesertim
1096 1685 1129 1743 in
1156 1686 1213 1745 bus
1223 1684 1292 1745 fidei
1303 1686 1462 1745 catholicae
1471 1686 1648 1746 adversariis
1659 1686 1796 1757 occurrit,

487 1776 662 1835 reducendis
686 1795 777 1852 quam
801 1774 939 1852 plurimis
956 1774 1128 1835 Donatistis.
1157 1774 1400 1835 ardentissimum
1423 1793 1477 1851 pro
1493 1776 1619 1835 veritate
1635 1778 1665 1834 et
1676 1774 1799 1851 justitia

488 1864 584 1933 Quare
600 1882 623 1922 s.
633 1864 833 1940 Hieronymus
847 1862 875 1923 ei
890 1863 1019 1923 scribere
1028 1862 1130 1937 potuit
1156 1864 1261 1933 zelum,
1284 1863 1491 1923 inexhaustum
1516 1862 1683 1924 disserendi
1707 1864 1798 1922 uber·

487 1974 532 2030 ep.
554 1963 612 2017 195
637 1948 728 2033 (inter
748 1972 793 2029 ep.
810 1972 833 2016 s.
849 1954 978 2029 August
1001 1952 1129 2028 lligne
1156 1952 1797 2031 tatem:vixenimestquaestiotheologica,
1845 1984 1848 1991 ‹

487 2042 619 2114 xxxlfl,
630 2037 725 2125 891):
743 2042 858 2111 ,Macte
873 2041 996 2111 virtute,
1012 2040 1043 2098 in
1059 2041 1129 2099 orbe
1157 2060 1246 2117 quam
1262 2058 1322 2101 non
1344 2042 1488 2119 attigerit,
1511 2043 1560 2100 vir
1583 2042 1798 2101 haereticorum

488 2131 655 2201 celebraris,
679 2131 816 2190 catholici
831 2134 862 2189 te
878 2129 1060 2189 conditorem
1076 2148 1127 2187 an·
1157 2148 1261 2207 genus,
1288 2130 1369 2205 qnod
1395 2150 1455 2191 nou
1472 2131 1699 2209 impugnaverit,
1725 2130 1797 2189 adeo

486 2221 589 2296 tiques
604 2237 725 2279 rursum
746 2219 815 2279 fidei
841 2221 1021 2279 venerantur
1039 2221 1129 2293 etque
1157 2222 1193 2277 ut
1208 2217 1353 2278 librorum
1364 2237 1489 2279 numero
1504 2221 1798 2279 etvariatateomnes

488 2308 667 2385 suspiciunt,
699 2310 731 2367 et
758 2306 838 2382 quod
863 2308 982 2385 signnm
1007 2308 1129 2382 majoris
1158 2308 1345 2383 superaverit
1358 2312 1468 2385 patres.
1500 2308 1600 2378 ,Quid
1615 2309 1704 2368 hahet
1718 2307 1799 2368 orbis

488 2398 600 2474 gloriae
622 2401 676 2468 ost,
703 2415 806 2455 omnes
822 2396 962 2456 haeretici
977 2396 1129 2455 detestan-
1157 2396 1347 2468 christianus,
1378 2398 1483 2457 scribit
1505 2398 1686 2457 Erasmus
1712 2397 1799 2473 epist

488 2492 569 2545 tur.‘
600 2486 639 2545 Et
657 2505 679 2549 a.
696 2485 950 2545 Coelestinns
972 2485 994 2545 I.
1017 2504 1062 2560 ep.
1085 2494 1125 2547 21
1157 2488 1176 2545 l.
1202 2494 1241 2549 28
1265 2504 1309 2561 ep.
1336 2498 1363 2557 1,
1386 2488 1442 2545 hoc
1465 2488 1611 2564 scriptore
1633 2486 1681 2545 vel
1703 2486 1799 2562 magis

487 2575 524 2633 ad
550 2575 638 2650 episc.
663 2574 773 2633 Galliae
798 2572 836 2652 (a.
860 2571 936 2656 431)
962 2593 1030 2633 eum
1055 2573 1130 2633 dicit
1157 2592 1280 2634 aureum
1306 2576 1355 2634 sel
1377 2577 1558 2653 augustius?
1584 2580 1619 2634 ut
1634 2576 1698 2651 ipsa
1711 2592 1798 2635 voca·

490 2663 851 2733 ,sanctaereoordationis
867 2663 963 2721 sirum
1041 2682 1128 2738 quem
1157 2664 1229 2723 bula
1244 2682 1432 2741 nequaquam
1447 2665 1581 2737 fortuito,
1598 2664 1648 2724 sed
1665 2662 1798 2723 numinis

487 2755 590 2811 tantm
615 2752 756 2811 scientiae
781 2752 851 2811 olim
874 2752 968 2811 fuisse
992 2752 1128 2810 memini·
1156 2753 1344 2829 providentia
1366 2752 1524 2829 videantur
1545 2753 1640 2812 indita
1663 2753 1727 2812 siro
1744 2798 1750 2811 .
1767 2796 1798 2809 ..

488 2860 565 2910 mua,
582 2844 618 2900 nt
631 2840 711 2900 iuter
721 2842 879 2918 magistros
895 2841 1023 2917 optimos
1039 2841 1130 2900 etism
1158 2842 1226 2900 Non
1241 2841 1369 2901 arbitror
1383 2843 1476 2902 alium
1498 2860 1561 2903 esse
1584 2842 1741 2913 doctorem,
1766 2840 1799 2899 iu

489 2931 589 2989 ameis
599 2948 716 3006 semper
724 2930 929 2991 decessoribus
938 2930 1129 2989 haberetur.‘
1157 2950 1245 3007 quem
1261 2932 1421 3007 opulentus
1436 2932 1488 2991 ille
1501 2934 1588 3009 juxta
1602 2950 1634 2991 ae
1649 2932 1797 3008 benignus
1888 2997 1889 3000 Ἴ

488 3018 610 3080 Ultimis
632 3020 711 3078 vitae
732 3020 819 3079 anuis
844 3019 1036 3097 gravissimas
1061 3037 1129 3095 per·
1157 3019 1289 3094 Spiritus
1312 3038 1335 3084 s.
1358 3021 1443 3080 dotes
1467 3040 1535 3080 suns
1559 3038 1661 3080 omnes
1683 3019 1798 3097 largius

488 3126 595 3184 passam
627 3111 674 3167 est
702 3110 884 3172 calamitates
909 3128 944 3167 er
967 3108 1130 3167 rebellione
1157 3108 1297 3168 effuderit
1316 3128 1405 3184 quam
1427 3110 1460 3169 in
1476 3109 1689 3186 Augustinum,
1713 3108 1799 3185 quasi

488 3195 632 3257 Bonifacii
648 3196 769 3257 Comitis
784 3201 815 3256 et
830 3217 865 3256 ex
881 3197 1080 3257 Vandalorum
1098 3196 1129 3254 iu
1157 3197 1287 3256 voluerit
1303 3198 1335 3257 in
1357 3218 1418 3259 une
1432 3198 1537 3258 tabula
1551 3198 1686 3257 vividum
1703 3198 1798 3275 quod·

487 3286 617 3345 Africam
648 3286 829 3362 irruptione,
861 3306 938 3363 quae
968 3290 1129 3363 extremam
1157 3285 1225 3345 dam
1244 3288 1394 3363 exemplar
1415 3287 1545 3365 episcopi
1567 3289 1798 3364 repraesentare.

488 3374 716 3434 florentissimae
731 3375 778 3434 illi
793 3375 933 3434 ecclesiae
942 3374 1048 3434 attulit
1062 3393 1129 3450 per-
1156 3375 1303 3453 Linguam
1319 3376 1447 3435 habebnt
1467 3378 1500 3435 in
1523 3380 1642 3435 tuntum
1664 3376 1702 3434 ab
1716 3374 1798 3435 omni

488 3464 604 3525 niciam.
640 3463 676 3521 In
707 3464 773 3539 ipsa
801 3464 956 3524 obsidione
981 3463 1128 3539 Hipponis
1156 3465 1324 3540 petulantia
1340 3484 1453 3541 puram,
1479 3468 1515 3525 ut
1537 3466 1630 3525 etiam
1645 3483 1713 3523 oum
1730 3483 1798 3541 pro-

489 3552 640 3611 subtrarit
663 3572 733 3610 eum
757 3554 838 3611 Deus
862 3553 941 3612 sitae
956 3552 1128 3611 mortalium
1156 3553 1320 3615 cecissimis
1345 3554 1500 3614 haereticis
1532 3554 1579 3615 vel
1610 3554 1722 3629 scripto
1747 3554 1799 3611 vel

491 3650 541 3704 28.
557 3641 685 3717 August.
703 3650 777 3712 430,
793 3661 831 3700 ne
841 3642 928 3701 testis
938 3644 1129 3701 scaettantae
1157 3660 1290 3703 sermone
1314 3643 1473 3719 disputans
1498 3644 1573 3702 mire
1587 3646 1800 3720 temperareta

488 3726 632 3810 ruinael).
1157 3732 1603 3809 conviciie3sedScripturarum
1613 3731 1798 3792 modotesti·

1157 3820 1265 3881 moniis
1288 3824 1319 3880 et
1343 3822 1527 3899 argumentis
1545 3821 1702 3881 veritatem
1718 3838 1798 3881 asse·

527 3958 545 4024 ¹)
559 3953 657 4007 Vitam
670 3953 756 4024 plane
767 3953 920 4023 pretiosam
932 3970 998 4007 cum
1011 3970 1130 4034 operum
1157 3910 1205 3981 rit,
1222 3909 1407 3986 impietatem
1422 3910 1541 3983 refellit,
1565 3910 1637 3970 adeo
1652 3913 1688 3969 ut
1704 3928 1741 3969 ue
1756 3910 1798 3969 la·

488 4025 615 4080 indiculo
627 4023 799 4079 sancdssimi
808 4025 896 4094 hujus
907 4026 1047 4095 praesulis
1057 4042 1129 4079 com·
1157 3998 1283 4059 ⁰⁰³⁸ii¹²⁸
1304 3998 1427 4075 qnidam
1446 4002 1565 4077 ΜΕΝ
1578 3994 1797 4080 malcholmi!

488 4097 588 4167 posuit
606 4114 627 4149 s.
640 4095 841 4150 Possidius
860 4096 915 4150 fide
936 4095 1129 4167 dignissimus,

488 4168 541 4236 (1115
554 4175 690 4237 401>r⁰1>⁰
710 4168 795 4220 “1²¹1ss
815 4166 997 4222 fssmlliflstffl
1017 4184 1083 4221 ⁰⁰¹³
1097 4184 1129 4222 0⁰
1205 4176 1800 4253 149.lnuumerasunts.doctorisopera

488 4238 563 4292 mil
583 4238 706 4319 idem?
725 4238 807 4293 ΜΒ
831 4239 966 4321 ⁰⁰l¹l⁸t¹¹⁸
990 4239 1048 4294 fuit
1068 4240 1131 4308 elul
1157 4270 1188 4324 et
1201 4266 1354 4341 opuscula,
1370 4266 1605 4325 utPossidins
1626 4266 1801 4341 inejuarita

487 4313 712 4364 conversationis
725 4312 895 4379 exemplans
914 4314 1130 4379 extremumque

487 4380 619 4452 magistri
645 4380 690 4435 sui
714 4379 828 4451 excepit
851 4381 993 4452 ,pirgum
1019 4381 1131 4435 prodiit
1157 4374 1181 4413 e
1209 4365 1246 4419 18
1279 4355 1322 4413 ila
1352 4356 1479 4415 seribere
1509 4374 1569 4416 uon
1594 4354 1796 4416 dubitaverit:

487 4468 571 4524 saepe
582 4452 721 4507 haecvita
728 4452 805 4507 inter
813 4452 904 4506 sancti
912 4452 1129 4535 opera(hligne

487 4524 600 4588 XXXIl,
614 4526 739 4594 33-65),
752 4526 783 4577 et
795 4543 861 4579 cum
873 4528 950 4578 notis
963 4524 1086 4594 egregiis
1099 4523 1130 4577 in
1419 4532 1423 4541 ⁴

487 4596 559 4650 actis
581 4596 626 4652 SS.
639 4596 766 4665 Augusti
787 4595 825 4649 ed
838 4596 864 4648 d.
878 4601 914 4651 28
937 4614 966 4667 p.
979 4600 1130 4652 427-460.
1158 4596 1245 4665 (apud
1267 4595 1391 4666 Migne
1412 4596 1441 4661 L,
1455 4600 1614 4669 tol-407).
1638 4594 1679 4650 Of.
1694 4595 1800 4648 Gams

487 4668 571 4721 tvl.
597 4666 665 4720 Fuit
677 4683 762 4737 porro
775 4664 922 4721 Possidius
935 4666 1085 4737 episcopus
1099 4667 1130 4719 in
1157 4666 1214 4720 KL.
1229 4668 1262 4731 x,
1276 4672 1336 4723 238.

488 4738 586 4793 Africa
598 4738 775 4803 asumensis,
795 4755 812 4791 a
835 4737 986 4793 Genserico
1007 4741 1043 4791 ob
1063 4736 1131 4792 fidei
1195 4741 1215 4809 ¹)
1230 4738 1272 4793 Cf.
1285 4738 1559 4792 Burdenhewer
1572 4748 1585 4803 ᾗ
1596 4744 1631 4793 94
1642 4756 1671 4791 n.
1681 4744 1722 4793 11.
1736 4735 1800 4789 sic

488 4809 646 4863 catholicae
658 4809 920 4881 propugnationem
942 4810 1007 4863 sede
1029 4810 1131 4880 pulsus
1157 4826 1294 4877 ronymus
1307 4813 1405 4863 werde
1418 4810 1461 4864 als
1473 4810 1524 4863 der
1536 4809 1706 4879 gelehrteste
1716 4810 1801 4862 unter

489 4884 561 4935 (ca.
574 4882 646 4952 437).
672 4880 734 4945 Quo
755 4898 781 4933 a.
803 4880 909 4935 obierit
929 4898 988 4934 non
1010 4882 1131 4935 constet.
1158 4881 1214 4935 den
1227 4880 1453 4936 Kirchenrtttern
1468 4880 1646 4940 bezeichnetz
1664 4878 1801 4950 Augusti-

489 4950 640 5005 Edidimus
652 4954 681 5004 et
693 4968 745 5006 nos
757 4951 848 5006 vitam
869 4952 906 5005 ab
927 4950 990 5022 ipso
1010 4951 1130 5005 conseri·
1158 4970 1213 5006 nus
1226 4954 1293 5007 aber
1306 4950 1344 5005 ist
1356 4952 1406 5005 der
1419 4954 1537 5023 moeste,
1548 4952 1598 5005 der
1611 4950 1797 5022 originallsts,

488 5025 569 5095 ptam
582 5021 658 5076 inter
671 5039 687 5075 o
708 5025 808 5079 nacula
818 5023 923 5077 selecta
931 5022 1039 5078 SS.PP.
1048 5022 1131 5076 Oeni-
1159 5024 1208 5077 der
1222 5022 1416 5095 vielseitigste.
1430 5022 1468 5076 Er
1481 5021 1587 5077 verein'
1611 5024 1624 5075 t
1636 5023 1667 5076 in
1680 5020 1741 5076 sich
1754 5020 1801 5074 die

487 5097 576 5165 ponte
591 5100 660 5150 1869
699 5094 747 5158 lH,
764 5100 865 5153 1-93;
879 5101 957 5151 1895.
982 5094 1023 5147 De
1042 5093 1131 5147 variis
1159 5094 1366 5165 schtpferische
1380 5094 1464 5148 Kraft
1483 5094 1561 5148 eines
1610 5092 1801 5149 ertullian

489 5166 532 5219 ed.
557 5165 592 5221 cf.
618 5166 900 5221 schoenemann
925 5168 960 5232 ll,
989 5168 1129 5223 714-‘721
1157 5164 1213 5219 mit
1243 5166 1307 5220 dem
1337 5166 1517 5221 hirchliehen
1542 5164 1611 5221 Sinn
1637 5164 1715 5219 eines
1743 5163 1801 5231 Cy-
