4350 5934
369 624 430 678 937
922 609 1123 666 Ekkeherdue.
1613 627 1675 681 938

369 792 515 851 celebrem
533 792 629 851 Vitam
646 792 803 851 Wclltcrii
815 792 1010 866 menusortie,
1038 800 1089 855 tue
1106 798 1153 854 eet
1173 796 1299 871 ejusque
1314 794 1408 853 filium
1426 795 1565 854 Ottonem
1582 796 1610 853 11
1632 795 1678 853 in·

368 881 592 957 Aquitanorum
617 881 770 958 principie,
803 881 855 940 sed
880 882 1011 942 dictione
1040 884 1227 943 stituendum
1258 883 1399 959 suscepit.
1443 885 1550 961 Magne
1585 884 1680 943 veluit

370 970 441 1029 edeo
458 970 590 1040 barbare,
608 974 645 1029 ut
659 970 854 1030 Ekkehemlue
864 970 913 1029 IV.
929 970 1011 1031 illem
1039 974 1137 1049 gretie
1146 972 1225 1049 apud
1235 972 1452 1049 imperatorem,
1470 991 1529 1048 quc
1544 991 1618 1033 usus
1634 980 1680 1031 eet

367 1057 418 1116 vix
440 1058 573 1135 potuerit
594 1058 763 1119 emundare.
799 1059 846 1118 Ite
869 1059 1012 1119 emunde-
1039 1062 1071 1121 in
1097 1061 1145 1121 eui
1170 1061 1343 1121 monasterii
1370 1062 1565 1121 commodum.
1598 1061 1681 1121 Obiit

368 1152 429 1206 tem
464 1147 547 1205 illam
581 1146 676 1207 edidit
709 1148 771 1209 Jec.
808 1148 949 1208 Grimm
980 1148 1012 1207 in
1039 1150 1227 1227 praepositus
1248 1150 1443 1227 moguntinus
1462 1160 1512 1214 23.
1528 1151 1598 1226 Apr.
1615 1159 1677 1214 990

369 1237 432 1299 Let.
449 1235 591 1295 Gedichte
613 1236 664 1295 des
686 1237 720 1295 X.
744 1236 806 1296 und
829 1237 878 1300 XI.
896 1236 1008 1311 Jahrb,
1039 1239 1153 1299 relictis
1163 1240 1380 1316 epiprcmmcle‘e
1389 1241 1593 1316 eteequmtiie,
1604 1258 1680 1315 quae

370 1325 627 1402 Gettingen1838
644 1336 813 1401 p.1-126
832 1327 886 1386 ccl.
904 1335 1010 1390 383-
1038 1328 1450 1404 temenperiemntunemei
1461 1328 1678 1404 excipiceepml

372 1423 451 1484 3853
482 1414 547 1473 Joe.
573 1415 649 1474 Vict.
676 1414 850 1475 Schel'fel
879 1418 910 1474 et
938 1416 1012 1478 Alit.
1040 1416 1210 1476 Kebrein
1232 1435 1278 1493 op.
1300 1417 1351 1475 cit.
1374 1435 1403 1477 m
1422 1426 1494 1480 544.
1526 1416 1680 1476 Visitctic-

274 1582 278 1587 ν
370 1502 516 1563 Holder
531 1504 562 1563 ic
576 1522 623 1579 op.
634 1504 816 1564 Weltheriue
825 1505 877 1563 let
888 1504 1013 1564 Gedieht
1039 1524 1107 1565 nem
1126 1505 1298 1565 monasterii
1320 1506 1357 1564 cb
1379 1509 1444 1565 octo
1467 1504 1612 1582 episcopie
1633 1506 1679 1565 in-

369 1590 421 1650 des
432 1591 465 1649 X.
478 1590 579 1651 Jahrh.
596 1591 652 1651 mit
668 1592 825 1653 deutscher
840 1592 1011 1671 Uebertreg‚
1040 1594 1178 1654 stitutem
1200 1593 1368 1671 descripsit,
1393 1613 1482 1670 quem
1505 1594 1679 1654 relationem

368 1699 398 1739 u.
422 1680 544 1751 Erlllut,
571 1682 725 1759 stuttgart
750 1690 849 1753 18743
875 1682 1012 1760 Peiper
1039 1684 1137 1761 legere
1152 1682 1264 1759 poteris
1279 1685 1311 1741 in
1330 1682 1446 1742 cesibue
1468 1684 1640 1742 monasterii
1656 1702 1680 1742 ι.

368 1768 1010 1841 EkkeherdiLWeltheriue,Berelini1873
1039 1772 1117 1831 Gelli
1139 1773 1176 1832 eb
1199 1772 1430 1831 Ekkehcrdc
1452 1771 1492 1831 IV
1512 1772 1680 1849 descriptio,

369 1864 423 1921 etc.
449 1857 529 1917 Obiit
547 1863 635 1935 poete
649 1860 915 1938 megnoeodelium
930 1879 1011 1921 moe·
1039 1861 1075 1921 de
1100 1878 1160 1937 quc
1184 1860 1271 1926 infre.
1311 1862 1353 1920 De
1377 1860 1606 1921 Etkeherdc
1627 1862 1679 1919 III.

369 1965 436 2005 rore
463 1957 510 2010 14.
529 1947 596 2007 Jen.
614 1956 686 2012 973.
703 1982 746 1993 -
767 1949 840 2025 lljue
862 1968 897 2007 ex
919 1948 1011 2011 fratre
1038 1950 1091 2026 qui
1106 1949 1206 2009 dictus
1220 1952 1267 2009 eet
1276 1949 1393 2021 Junior,
1409 1968 1443 2008 ex
1455 1967 1554 2010 ecrcre
1562 1952 1678 2027 nepote,

368 2053 460 2111 nepos
475 2036 728 2097 Ekkeherdus
744 2038 780 2096 Il.
809 2037 964 2098 Palatinus
980 2042 1011 2098 et
1038 2038 1124 2112 nihil,
1148 2038 1229 2116 qued
1253 2058 1309 2099 nce
1327 2041 1451 2115 spectet,
1473 2040 1602 2098 relatum
1625 2042 1679 2108 eet,

369 2124 534 2185 scholarum
559 2129 664 2197 rector,
697 2126 809 2199 ,doctor
832 2146 956 2203 prosper
980 2130 1011 2187 et
1038 2130 1069 2186 et
1092 2127 1129 2187 de
1150 2126 1380 2188 Elkeherdo
1409 2126 1679 2205 veglensem

369 2220 465 2289 esper‘
482 2212 588 2285 dictus,
614 2216 649 2273 ed
673 2216 772 2275 culam
788 2215 906 2275 Ottcnie
923 2234 1008 2275 voce·
1038 2237 1066 2293 p.
1087 2225 1155 2280 186.
