4350 5934
363 622 407 677 13
976 620 1072 675 ⁰P01’st·
1636 626 1677 679 74

358 788 524 866 Pronum,
548 806 608 865 qno
630 788 662 848 in
686 808 733 865 op,
755 789 903 865 praeclara
919 790 1008 851 hebet
1035 790 1151 849 litatem
1174 791 1402 867 castitatemque
1425 789 1619 854 commendat.
1634 828 1679 839 -—

360 896 419 955 pro
450 876 509 938 fide
542 876 693 937 Ecclesiae
717 878 754 937 de
787 878 934 939 Trinitate
978 882 1009 938 et
1034 881 1071 940 In
1094 879 1125 943 11.
1148 881 1183 939 de
1206 881 1376 955 spedooulis
1400 880 1570 942 christianis
1586 884 1677 942 inter·

359 968 584 1035 incametione;
603 966 827 1044 exceptionibus
843 970 944 1029 tauron
956 968 1007 1027 ad·
1035 967 1124 1027 dictis
1139 970 1228 1046 deque
1242 970 1410 1029 idoidcirr'c
1430 970 1541 1031 nimius
1551 973 1615 1047 jam
1637 972 1679 1031 ri·

360 1074 472 1116 versus
488 1074 588 1115 sanem
611 1055 648 1115 de
671 1056 762 1132 priori
778 1058 922 1133 mysterio
937 1057 1005 1117 doc·
1035 1076 1089 1134 gor
1119 1060 1278 1134 comparet,
1308 1088 1353 1103 —-
1383 1059 1504 1118 Praeter
1527 1062 1677 1137 opuscula,

360 1146 476 1207 trinam
493 1145 1008 1221 preebstoccesionem.-Deccrrse
1035 1164 1113 1221 quse
1124 1147 1185 1222 jam
1197 1147 1423 1224 assignavimus,
1440 1149 1499 1207 alia
1514 1151 1678 1209 montanis·

360 1234 488 1297 Christi.
518 1265 562 1279 --
592 1234 637 1293 Dc
667 1238 875 1297 resurrectione
899 1238 1006 1307 cornu,
1035 1238 1136 1294 tarum
1150 1236 1301 1295 erroribus
1316 1236 1365 1295 vel
1380 1236 1478 1315 rigore
1492 1238 1563 1313 plus
1577 1238 1679 1299 minus

358 1342 454 1399 quem
481 1323 559 1383 belle
581 1340 617 1383 er
639 1323 786 1401 dignitate
810 1324 908 1385 carnis
923 1325 1007 1385 aliis·
1035 1324 1220 1396 inficiuntur,
1244 1327 1280 1383 nt
1302 1325 1321 1384 l.
1337 1326 1373 1394 de
1382 1327 1477 1401 pollio
1499 1322 1531 1409 (f.
1548 1347 1573 1385 a.
1594 1328 1677 1406 193),

362 1432 425 1488 qne
440 1412 612 1471 rationibus
621 1413 834 1489 congruentiae
841 1417 953 1473 tuetur.
964 1447 1006 1457 —
1036 1430 1128 1488 qnare
1144 1413 1205 1476 scil.
1222 1417 1323 1491 togam
1349 1414 1412 1490 ipse
1427 1415 1599 1493 deposuerit
1613 1416 1678 1492 pa17

363 1502 411 1561 De
427 1504 528 1561 ocimo
545 1503 573 1578 1.,
599 1500 633 1560 in
648 1520 707 1577 quo
724 1502 1008 1579 generatianismnm
1036 1501 1171 1577 liumqns
1192 1502 1334 1575 induerit,
1356 1504 1376 1563 l
1401 1504 1553 1564 obscurus.
1575 1540 1620 1549 -
1635 1506 1680 1564 De

360 1590 468 1659 tradit,
496 1608 595 1667 neque
626 1590 700 1649 satis
730 1591 819 1668 digne
849 1592 886 1651 de
910 1592 1009 1651 anima
1035 1589 1183 1673 οονοπαῑ),
1200 1593 1288 1668 cujus
1303 1610 1392 1651 nenm
1415 1593 1565 1653 militibus
1582 1595 1612 1653 st
1627 1612 1678 1671 ge-

362 1675 501 1761 sentit1).
531 1712 575 1723 -
609 1680 646 1738 In
678 1680 830 1757 Scorpione
867 1680 1008 1741 adversus
1035 1680 1164 1740 neretim
1180 1680 1352 1740 christianis
1375 1700 1497 1758 prorsus
1523 1682 1678 1742 interdicit

360 1769 516 1847 gnostinae
547 1768 754 1845 scorpionibus
786 1769 899 1829 similes
930 1790 1008 1829 mer·
1034 1771 1140 1846 utpote
1149 1770 1293 1845 paganica
1302 1771 1514 1846 superstitione
1523 1772 1676 1844 infectum,

360 1858 658 1935 tyriiprsestantiam
666 1862 696 1916 et
705 1859 912 1919 necessitatem
929 1877 1006 1919 com·
1036 1879 1061 1918 a.
1085 1858 1105 1917 i.
1131 1868 1210 1927 2113
1242 1860 1277 1917 de
1304 1860 1378 1936 fuya
1407 1859 1440 1918 in
1464 1862 1677 1937 persecutione,

357 1947 488 2007 mandat
502 1946 534 2020 (f.
550 1964 574 2005 c.
591 1944 679 2027 203).
1035 1966 1126 2023 quam
1141 1950 1244 2006 contra
1254 1948 1402 2008 Ecclesiae
1411 1966 1531 2008 sensum
1540 1950 1679 2009 illicitam

1036 2038 1146 2098 censet.
1163 2070 1205 2081 -
1221 2037 1265 2096 Dc
1273 2036 1388 2110 jeiunio
1403 2038 1544 2097 adversus
1559 2038 1677 2115 psychi-

412 2134 463 2188 32.
473 2124 825 2202 Argumentiascetioi
841 2126 888 2183 vel
904 2145 1007 2201 prec·
1036 2144 1085 2185 cos
1102 2122 1134 2205 (i.
1144 2144 1169 2185 a.
1179 2121 1361 2207 catholicos),
1372 2127 1525 2203 qnosstilo
1535 2127 1677 2187 acerrimo

359 2214 438 2273 tici
460 2216 532 2273 sunt
546 2214 634 2289 plura
649 2215 801 2289 opuscula,
817 2232 893 2290 qnae
909 2215 1007 2274 catho-
1033 2214 1217 2292 aggreditur.
1233 2248 1279 2258 —
1295 2216 1337 2274 Dc
1352 2218 1535 2294 monopomio
1544 2220 1576 2276 et
1585 2218 1620 2275 de
1629 2236 1678 2276 ec·-

358 2305 442 2364 lions
460 2303 650 2378 conscripsit:
666 2302 798 2363 libellus
815 2322 924 2363 eureus
941 2300 979 2383 (a
989 2304 1007 2362 f.
1035 2305 1196 2363 imatione
1204 2307 1359 2380 castitatis,
1374 2305 1406 2364 in
1416 2306 1527 2382 quibus
1540 2306 1678 2365 absolute

363 2387 1009 2474 1901000001εὲ),1011111100111101
1036 2394 1157 2452 damnat
1180 2393 1324 2452 secundas
1346 2395 1476 2471 nuptias.
1500 2427 1543 2440 -
1565 2395 1610 2455 De
1632 2414 1677 2453 ce-

357 2484 400 2541 de
423 2483 574 2556 patientia.
591 2514 635 2524 —-
651 2481 808 2541 Institutio
831 2498 952 2541 succosa
974 2483 1008 2541 dc
1035 2479 1135 2543 lendis
1150 2482 1322 2559 viminibus,
1344 2500 1406 2542 non
1426 2485 1523 2544 solum
1538 2484 1571 2544 in
1586 2485 1678 2543 eccle·

357 2572 496 2631 oratione
511 2588 578 2631 cnm
593 2570 788 2645 explicatione
798 2570 940 2630 orationis
955 2570 1007 2629 do·
1035 2572 1085 2643 sis,
1112 2571 1164 2630 sed
1188 2572 1261 2630 dum
1283 2571 1466 2643 adolescunt,
1489 2573 1611 2649 ubique.
1633 2608 1679 2617 -

358 2654 531 2741 minicae³).
556 2692 596 2705 --
614 2660 645 2718 L
660 2658 761 2738 gravis
778 2661 812 2719 de
824 2662 1006 2736 poenitentia,
1035 2661 1132 2719 Multa
1140 2660 1199 2719 alia
1208 2660 1343 2736 ejusdem
1351 2662 1495 2738 opuscula
1508 2663 1678 2739 perierunt:

359 2744 489 2831 cui(a.f‚
501 2742 578 2831 203)
591 2748 767 2809 contradicit
774 2748 806 2807 in
813 2767 867 2809 sno
875 2749 895 2806 l.
908 2750 942 2807 de
949 2766 1008 2823 pc·
1034 2749 1123 2824 plure
1138 2750 1233 2809 eidem
1248 2751 1405 2826 supposita
1419 2750 1510 2811 suere.

355 2840 472 2909 dicuin,
488 2837 736 2897 montanistarum
753 2838 881 2897 inlectus
899 2856 1006 2909 errore,

360 2927 527 2987 Ecclesiam
544 2944 642 2986 carere
646 2929 716 3003 jure
725 2926 898 2987 remittendi
909 2926 1008 2987 omnia
1082 2936 1133 2989 33.
1150 2927 1279 3003 Operum
1301 2928 1391 2987 stilus
1416 2928 1557 2987 duritiem
1573 2929 1677 2988 effica-

358 3020 483 3093 pesona
496 3015 717 3092 gravia-Ad
727 3034 848 3075 crorem
860 3016 888 3074 11.
899 3016 965 3086 duo,
976 3016 1008 3074 in
1035 3034 1103 3075 nem
1126 3017 1157 3075 et
1176 3016 1353 3075 characteris
1374 3017 1505 3076 auctoris
1527 3017 1676 3093 propriam

356 3104 474 3181 quibus
498 3104 618 3182 egregie
649 3104 830 3164 matrimonii
852 3104 1007 3163 christiani
1035 3122 1105 3179 prae
1120 3123 1151 3163 se
1167 3100 1267 3185 ferte),
1284 3104 1322 3163 ob
1338 3101 1496 3165 laconicam
1512 3122 1599 3181 saepe
1620 3106 1677 3163 mi-

358 3194 538 3255 lelicitatem
554 3195 673 3253 enarret
687 3194 852 3269 multaque,
879 3212 955 3269 qnae
971 3194 1006 3251 ad
1034 3212 1159 3269 remque
1173 3193 1350 3253 brevitatem
1366 3211 1514 3268 vocesque
1528 3192 1677 3253 obsoletas
1712 3201 1715 3209 '

360 3283 456 3343 sitam
471 3280 663 3343 domesticam
679 3285 814 3342 veterum
831 3282 1006 3342 christiano·
1036 3282 1181 3342 obscurus
1196 3285 1250 3352 est,
1267 3285 1476 3358 attentumque
1501 3282 1595 3359 exigit
1617 3282 1676 3343 lec·

358 3392 429 3432 rum
445 3371 607 3447 pertinent,
631 3370 709 3431 scitu
730 3371 892 3431 utilissima
914 3371 1007 3430 ettin-
1036 3374 1140 3441 torem,
1158 3372 1210 3431 sed
1226 3372 1315 3430 etiam
1331 3373 1486 3447 majestate
1501 3371 1630 3448 quedam
1645 3377 1676 3433 et

359 3461 418 3538 git.
434 3494 479 3505 —
496 3462 531 3519 In
547 3460 579 3519 11.
594 3460 753 3537 praeclaris
777 3460 811 3517 de
831 3461 1007 3534 1011011011·-
1036 3460 1144 3535 grandi
1152 3459 1509 3537 eloquentiaiusignitur:
1519 3463 1677 3521 vehemens

361 3569 472 3609 norum
488 3569 505 3608 e
520 3549 614 3608 nimio
629 3554 736 3609 ornatu
751 3550 885 3620 retrahit,
910 3550 1007 3610 humi·
1036 3552 1091 3619 est,
1117 3568 1178 3608 non
1202 3550 1322 3621 mulcet,
1346 3550 1522 3610 succositete
1551 3550 1677 3610 admira·

1035 3638 1148 3697 tionem
1163 3638 1231 3709 ciet,
1247 3638 1384 3710 delectat,
1399 3640 1505 3715 suique
1522 3640 1611 3715 plane
1625 3658 1677 3716 ge·

1034 3726 1117 3786 neris
1132 3730 1179 3786 est
1194 3730 1225 3785 et
1241 3728 1410 3803 singularis.
1447 3731 1542 3804 Opera
1564 3728 1676 3787 Tertul-

364 3808 456 3862 lixum
471 3806 502 3860 in
523 3807 554 3861 ll.
568 3816 584 3863 5
598 3807 767 3862 distinctum
790 3813 916 3865 adversus
929 3812 1008 3863 Mor·

360 3886 461 3934 cionem
471 3895 520 3933 eeu
530 3878 558 3930 111
559 3878 616 3933 urci
621 3878 723 3943 onitos,
735 3896 798 3933 oom
821 3879 926 3933 ositunr
934 3881 1007 3933 forte

361 3951 440 4004 intra
473 3966 497 4003 a.
525 3952 676 4010 seo-370.
715 3951 757 4006 cf.
825 3950 1009 4007 iiokstddt
1076 3949 1676 4023 001011011110111111101100Μο1-

364 4022 456 4076 Ueber
482 4022 534 4074 das
557 4021 790 4103 pseudo-tertull.
816 4020 939 4075 Gedicht
960 4022 1009 4074 ed·
1035 4024 1089 4075 litis
1102 4020 1138 4074 de
1152 4021 1312 4075 Tertullien
1325 4025 1354 4074 et
1366 4022 1395 4074 lu
1404 4024 1506 4091 pensee
1520 4022 1555 4075 de
1568 4020 1677 4091 l'eglise

361 4110 462 4147 versus
475 4091 659 4156 Marcionem,
675 4096 758 4153 1875;
781 4092 854 4147 Ore
878 4093 1008 4163 Prolego-
1035 4092 1067 4145 in
1081 4092 1149 4148 fasc.
1161 4092 1204 4145 lit.
1218 4092 1304 4148 Univ.
1318 4093 1398 4148 Ceth.
1415 4100 1491 4148 1899.
1504 4093 1551 4155 lli,
1562 4096 1677 4149 12-53,

360 4180 486 4235 gomena
493 4164 529 4217 de
537 4163 663 4218 carmine
671 4164 807 4218 adversus
815 4164 1008 4228 Marcionites,
1073 4171 1094 4229 ²)
1108 4164 1164 4217 Der
1175 4163 1327 4218 Ausdruolr
1341 4163 1514 4217 Tertullians
1526 4163 1566 4216 ist
1577 4163 1677 4234 knupp

361 4236 482 4307 Leipzig
498 4242 574 4293 1888.
600 4235 770 4305 llludjuxia
783 4234 1010 4302 H.Weitn,ut
1036 4236 1096 4288 und
1128 4235 1287 4305 energisch,
1318 4234 1412 4287 merki
1463 4234 1523 4288 und
1548 4234 1677 4306 lrnorrig,

360 4307 438 4361 infra
454 4306 592 4369 dicemus,
605 4306 677 4359 forte
691 4306 996 4364 Commodianiest.
1036 4305 1188 4377 sohwierig
1202 4305 1386 4360 unddnnkel.
1424 4304 1677 4360 ilrSehonheitder

402 4382 420 4442 Ι)
435 4377 479 4434 cf.
492 4378 528 4431 de
541 4376 596 4431 hoc
609 4377 819 4447 opereEsscr
840 4379 886 4432 dio
900 4380 1008 4433 Seelen-
1036 4378 1121 4431 Form
1145 4380 1198 4431 het
1223 4394 1252 4430 er
1274 4377 1379 4430 keinen
1404 4376 1482 4431 Sinn,
1521 4377 1677 4430 Barden·

361 4450 443 4505 lehre
457 4446 643 4512 Tertullinus,
657 4448 821 4502 Pederborn
838 4453 915 4515 1893,
935 4467 1008 4521 opus
1036 4450 1158 4504 hewer
1171 4458 1185 4515 §
1199 4453 1233 4505 50
1245 4466 1273 4501 n.
1288 4456 1312 4513 2,
1325 4464 1410 4516 quem
1423 4467 1488 4503 cnm
1502 4448 1629 4502 utilitate
1642 4450 1677 4501 de

360 4522 491 4585 doctum,
503 4522 673 4576 accuretum
687 4523 716 4573 et
729 4519 810 4574 utile.
1036 4536 1068 4573 eo
1095 4520 1230 4575 conferes.
1256 4520 1298 4574 cf.
1324 4518 1483 4590 Freppel
1509 4519 1676 4582 'l'ertullieu

399 4592 514 4661 ²linter
533 4592 672 4662 opuscula
693 4610 727 4647 ss.
741 4591 795 4647 ΡΡ.
815 4596 835 4646 t.
850 4592 905 4655 IV,
926 4590 1008 4645 Oeni-
1037 4592 1117 4645 Paris
1131 4599 1200 4648 1864
1213 4594 1278 4646 ts:
1304 4595 1387 4652 1872;
1412 4592 1554 4646 Schanz
1576 4590 1677 4645 Gesch.

359 4666 451 4735 ponte
467 4666 551 4723 186&
575 4668 643 4719 1894
652 4663 695 4717 ed.
708 4663 807 4726 altene,
822 4663 872 4716 nbi
886 4662 1007 4734 reperies
1036 4662 1086 4716 der
1100 4669 1168 4717 rom.
1181 4661 1234 4716 Lit.
1248 4663 1296 4724 ill,
1306 4666 1463 4720 240—302:
1477 4661 1634 4715 Kellner
1648 4666 1679 4714 et

359 4734 904 4803 ctrequensopusculurndeperientia.
1036 4734 1146 4787 Esset
1169 4734 1226 4788 KL.
1257 4734 1303 4791 XI.
1338 4738 1530 4793 1389—1426;
1561 4732 1678 4786 Iibert

398 4810 419 4879 ⁸)
434 4808 513 4860 Inter
534 4806 675 4876 opuscula
697 4824 733 4862 ss.
755 4805 807 4859 ΡΡ.
832 4810 850 4859 t.
873 4807 906 4870 ll,
926 4806 1008 4860 Oeni·
1036 4805 1160 4875 Aligem.
1181 4806 1281 4861 Gesoh.
1302 4804 1351 4857 dee
1371 4804 1435 4858 MA.
1448 4808 1468 4859 t.
1484 4813 1497 4861 l
1512 4823 1535 4861 c.
1549 4811 1574 4867 ‘.’,
1592 4805 1677 4873 juxta

361 4879 451 4949 ponte
461 4884 540 4941 1868,
551 4876 627 4933 mont
635 4880 665 4931 et
674 4892 796 4945 sequens
804 4878 825 4934 t.
836 4877 870 4941 V,
881 4878 919 4932 ib.
932 4870 1008 4934 1869.1
1036 4894 1122 4946 quem
1134 4877 1173 4930 ist
1185 4876 1345 4931 Tertullian
1358 4875 1436 4929 einer
1448 4877 1498 4929 der
1508 4876 1676 4946 genialsten,

361 4949 407 5003 Ad
421 4949 508 5021 plura
530 4964 566 5003 ex
588 4947 633 5001 his
656 4948 804 5019 opusculis
826 4948 860 5003 ci.
876 4948 1007 5002 llsrtel
1036 4948 1234 5019 originelleten
1265 4948 1324 5001 und
1356 4947 1570 5001 fmchtbarsteu
1592 4950 1678 5001 unter

362 5018 549 5075 Patristische
561 5018 683 5074 Studien
696 5037 732 5073 zu
743 5018 912 5083 Tertullian,
924 5018 1008 5073 Vien-
1035 5020 1091 5073 den
1128 5017 1476 5075 christlichlateinischen
1507 5018 1677 5075 Schriltstel·

362 5089 552 5149 nael880scil
565 5090 1008 5217 SitnnngsberichtederWiener
1036 5090 1114 5152 lern;
1134 5091 1278 5162 Kruger
1297 5099 1368 5156 585,
1388 5090 1440 5159 qui
1462 5090 1617 5161 diligenter
1635 5106 1677 5142 re·

362 5162 520 5219 Akademie
535 5164 556 5217 t.
570 5160 651 5219 CXX.
689 5162 761 5223 xxi.
772 5162 840 5220 iaso.
854 5162 899 5215 lv.
1035 5165 1133 5217 censet
1145 5167 1174 5216 et
1187 5178 1272 5233 opera
1286 5162 1446 5233 deperdita.
