4350 5934
388 600 449 655 317
898 582 1043 654 Sulpicius
1055 585 1184 638 Severus.
1635 600 1697 655 318

390 779 483 834 1851.
493 802 537 813 -
547 768 674 844 Scripsit
689 772 719 827 et
734 769 772 828 ad
785 770 950 829 multorum
960 788 1028 845 pro·
1055 770 1135 829 Haec
1150 770 1293 846 opuscula
1308 769 1344 829 de
1361 787 1384 827 s.
1400 770 1528 827 hiartIno
1545 770 1698 829 luculento

386 859 499 919 fectum
514 859 548 916 de
562 860 623 917 cita
638 859 664 917 t.
682 859 824 933 Martini}
846 860 925 917 huno
947 859 1027 917 enim
1056 876 1198 929 sermone,
1216 858 1576 933 ntInantPanlinus,
1595 876 1617 917 s.
1628 860 1697 917 Am·

385 948 461 1007 bene
477 950 610 1017 noverat,
634 947 762 1025 singulis
786 948 847 1007 fere
870 948 956 1007 annis
981 947 1027 1006 in-
1055 947 1149 1007 brosii
1159 947 1303 1017 notarius,
1320 948 1352 1006 in
1368 948 1458 1023 hujus
1474 947 1536 1007 sita
1550 966 1581 1006 n.
1602 960 1627 1017 1,
1645 965 1700 1007 seu

386 1038 510 1106 visebat,
534 1036 615 1094 nude
636 1056 655 1094 a
676 1036 801 1095 Paulino
824 1056 869 1112 ep.
890 1049 923 1099 11
946 1037 1026 1094 salu·
1056 1037 1128 1095 stilo
1144 1036 1366 1114 elegantissimo
1389 1040 1420 1097 et
1437 1034 1596 1096 admodum
1612 1054 1698 1096 enoc·

385 1129 471 1185 tetur
487 1125 628 1195 ,Martini
643 1126 774 1201 episcopi
787 1126 1027 1199 frequentator«,
1055 1125 1192 1185 miastioo
1207 1126 1374 1201 conscripta
1389 1124 1476 1183 valde
1492 1125 1601 1185 diffusa
1616 1124 1698 1185 luere

386 1217 419 1274 et
432 1216 471 1274 ab
490 1233 525 1273 eo
540 1214 673 1273 vicissim
689 1215 789 1291 magni
804 1215 902 1278 fiebat
935 1214 1028 1272 Addi·
1056 1216 1087 1273 st
1106 1214 1192 1273 avida
1207 1213 1347 1273 lectitata.
1380 1215 1422 1273 Ea
1444 1214 1534 1273 habes
1550 1213 1630 1273 inter
1644 1232 1698 1273 no-

386 1304 477 1362 ditet
491 1308 554 1362 tres
570 1305 716 1378 ephrates,
742 1304 773 1363 in
796 1304 908 1379 quibus
924 1314 1028 1362 contra
1056 1305 1119 1363 stra
1148 1322 1249 1380 opusc.
1281 1304 1390 1362 selecta
1422 1302 1540 1362 XLVIII
1570 1314 1697 1366 1-190

386 1392 518 1451 aemulos
533 1410 556 1454 e.
572 1393 693 1451 Martini
712 1393 813 1469 aliqua
827 1392 925 1452 insius
940 1410 1026 1451 enar·
1057 1392 1224 1469 Oeniponto
1244 1402 1343 1461 1885;
1367 1412 1401 1452 es
1419 1393 1482 1467 jam
1501 1394 1589 1451 autea
1604 1392 1700 1451 edidit

386 1484 441 1551 rat,
467 1481 499 1540 in
522 1480 627 1556 primis
650 1481 784 1556 ejusdcm
806 1486 941 1540 mortem.
973 1480 1028 1539 His
1055 1482 1214 1540 Diibner
1245 1480 1368 1540 Parisiis
1405 1491 1503 1552 1859;
1539 1489 1630 1545 1899.
1655 1514 1699 1525 -

387 1572 520 1629 nondum
535 1572 693 1629 contentas
716 1570 791 1629 duos
811 1570 920 1646 adjecit
935 1570 1027 1628 dialo-
1056 1570 1184 1645 Scripsit
1198 1571 1285 1629 etism
1303 1572 1439 1645 epistolas
1453 1570 1491 1628 ad
1507 1588 1635 1629 amorem
1647 1570 1699 1629 Dei

384 1678 444 1737 gos.
468 1660 505 1718 In
519 1679 547 1735 p.
569 1671 594 1722 1.
610 1659 679 1720 dial.
695 1670 706 1721 1
727 1656 820 1740 (nuno
835 1659 972 1737 dialogus
987 1655 1027 1737 l.)
1056 1663 1087 1717 et
1109 1662 1314 1735 contemptum
1335 1659 1439 1719 mundi
1455 1659 1635 1718 hortatorias
1652 1676 1699 1719 so·

385 1748 832 1808 Posthumiannsmonaohornm
841 1748 1028 1807 orientalium
1055 1749 1116 1807 rori
1132 1766 1202 1807 suae
1218 1749 1338 1819 multas,
1363 1767 1439 1825 quse
1458 1750 1560 1807 tamen
1574 1749 1699 1825 periisse

385 1839 515 1896 virtutes
531 1841 562 1896 et
578 1836 719 1895 miracula
734 1841 861 1907 enarrat,
886 1838 919 1897 in
934 1838 1028 1896 altera
1056 1837 1212 1897 videntur:
1250 1837 1321 1895 illae
1351 1838 1431 1897 enim
1462 1838 1591 1913 septem,
1624 1854 1698 1912 quas

386 1947 415 2003 p.
439 1929 470 1985 et
491 1926 524 1984 in
540 1925 611 1983 dial.
629 1934 647 1987 2
665 1926 757 2004 (nune
775 1935 802 1987 2.
819 1930 850 1985 et
866 1926 907 2006 3.)
923 1926 1026 1985 Gallus
1055 1926 1165 1984 Halm
1188 1926 1220 1985 in
1242 1926 1406 2002 appendice
1429 1944 1500 1985 snae
1519 1926 1628 2003 adjecit
1643 1926 1697 1989 ed..

389 2015 426 2073 de
450 2034 474 2074 s.
496 2014 617 2073 MartIni
635 2014 801 2073 virtsdibus
824 2023 855 2074 et
876 2015 1028 2074 miraculis
1055 2034 1116 2075 non
1138 2014 1280 2075 videntur
1302 2032 1366 2074 esse
1389 2015 1546 2092 genuinae,
1573 2015 1599 2073 si
1621 2014 1698 2073 forte

384 2104 515 2175 disserit,
538 2107 575 2162 nt
596 2122 665 2162 eum
680 2104 713 2163 in
727 2103 813 2162 nullo
828 2103 1026 2163 orientalibus
1056 2103 1131 2163 duas
1156 2102 1294 2181 excipias,
1326 2122 1453 2180 quarum
1478 2104 1698 2181 genuinitatem

384 2194 496 2252 sanetis
512 2211 577 2252 esse
593 2194 736 2251 minorem
752 2194 896 2252 ostendat.
927 2192 964 2251 In
979 2211 1026 2251 oe·
1055 2196 1161 2252 tuetur
1177 2192 1370 2264 Hernaok,
1397 2194 1459 2252 soil.
1482 2193 1697 2265 11191111ηοί9-

385 2282 461 2341 lebri
475 2299 547 2341 vero
563 2282 681 2341 decreto
697 2282 734 2341 de
749 2282 930 2358 recipiendis
940 2281 1027 2340 libris
1055 2284 1131 2341 dicio
1154 2286 1185 2341 et
1199 2282 1234 2340 de
1248 2284 1413 2357 oirpInltate
1428 2283 1464 2340 ad
1482 2281 1635 2341 Claudiam
1651 2300 1697 2340 so-

386 2372 504 2430 Oelasio
527 2371 550 2428 L
573 2371 684 2446 passim
714 2371 861 2430 attributo
886 2371 1028 2429 dicuntur
1054 2389 1151 2431 rorem
1169 2390 1261 2432 suam.
1290 2370 1386 2447 Opera
1401 2365 1564 2453 anctoris¹)
1581 2371 1698 2447 prodie-

386 2460 530 2537 opuscula
545 2459 752 2519 Posthumiani
773 2464 804 2519 et
820 2456 928 2540 Gallil)
945 2478 1027 2535 ‚apo·
1054 2464 1127 2519 runt
1149 2480 1256 2537 magns
1272 2462 1458 2520 accuratione
1480 2479 1551 2519 cura
1564 2478 1699 2536 praeser-

387 2549 517 2625 crypha‘,
536 2568 596 2623 qua
612 2566 738 2608 censura
753 2547 895 2608 sidentur
909 2549 940 2607 hi
964 2549 1027 2607 dia·
1055 2550 1111 2607 tim
1143 2549 1317 2625 Hieronymi
1352 2550 1388 2609 do
1420 2550 1536 2608 Prato
1567 2548 1698 2608 Veronae

387 2638 448 2715 logi
471 2659 488 2695 a
510 2638 631 2713 publica
647 2641 767 2696 tantum
782 2638 909 2697 lectione
925 2638 958 2697 in
972 2637 1026 2696 Hc·
1059 2638 1373 2709 1741—54t.2in4;
1391 2638 1563 2697 Oallandi
1579 2640 1602 2701 t.
1611 2637 1697 2708 v111;

385 2727 475 2786 chsia
499 2726 617 2786 excludi
643 2744 697 2786 seu
723 2728 767 2785 eis
792 2727 949 2802 specialem
974 2726 1025 2784 de·
1055 2726 1163 2785 Halm
1179 2726 1311 2786 Viennae
1332 2737 1413 2792 1866
1440 2727 1473 2785 in
1497 2728 1580 2803 Oorp.
1597 2727 1697 2803 script.

385 2816 488 2893 negari
513 2816 757 2892 approbationem
783 2815 1027 2874 ecclesiasticamt
1055 2816 1124 2879 eccl.
1141 2816 1194 2874 lat.
1209 2820 1231 2876 t.
1242 2814 1271 2889 13
1288 2816 1416 2893 Migne
1432 2814 1598 2875 11111111
1611 2826 1698 2879 95—

385 2904 461 2963 iorte
476 2904 698 2981 etiampropter
715 2904 896 2963 chiliastioas
912 2903 1027 2980 opinio·
1057 2913 1129 2969 248.
1161 2904 1345 2964 Relationem
1371 2923 1454 2964 suam
1471 2904 1697 2965 Gennadius

385 3012 448 3064 nes,
471 3012 549 3070 quas
571 2998 672 3053 tamen
694 2993 727 3051 in
748 2996 834 3052 textu
849 2996 951 3052 nostro
967 3010 1027 3051 non
1055 2993 1091 3051 de
1108 2994 1215 3052 Severo
1232 3012 1255 3053 o.
1276 3004 1313 3057 19
1337 2994 1380 3053 ita
1396 2994 1540 3052 absolvit:
1567 2994 1643 3062 ,Hit
1665 2995 1698 3052 in

385 3082 515 3159 amplius
546 3083 653 3141 saltem
683 3085 785 3157 aperte
816 3077 1026 3162 comparenti).
1055 3085 1174 3142 senecta
1199 3100 1254 3141 sna
1278 3102 1295 3141 a
1317 3082 1483 3159 Pelagianis
1502 3083 1643 3158 deeeptus
1667 3088 1698 3141 et

386 3222 543 3231 ...-
931 3235 935 3240 ,
1055 3189 1218 3248 agnoscens
1243 3172 1433 3247 loquacitatis
1464 3171 1583 3247 culpam
1607 3172 1697 3230 silen-

426 3293 443 3352 11
458 3288 511 3342 Hic
525 3288 659 3344 Gallus
673 3288 832 3359 discipulus
846 3290 908 3343 erat
920 3306 941 3342 e.
954 3286 1027 3341 Mar·
1053 3260 1130 3319 lium
1148 3278 1243 3335 usqu‘l
1258 3260 1294 3319 δᾶ
1310 3264 1438 3321 moriem
1452 3260 1561 3331 maii*
1578 3263 1614 3320 Ut
1629 3279 1697 3337 1³⁰⁰·

384 3360 441 3413 tini
455 3362 575 3429 ejusque
587 3360 691 3430 passim
705 3359 737 3412 iu
750 3359 902 3415 Itineribus
923 3360 1027 3424 socius,
1055 3352 1164 3421 catum,
1181 3349 1262 3425 quod
1278 3350 1425 3426 quuendo
1441 3353 1634 3420 contraxerat,
1651 3354 1697 3408 ta-

383 3448 496 3486 necnon
508 3435 538 3484 et
550 3430 653 3485 Severo
675 3429 836 3496 familiaris,
857 3432 893 3485 de
913 3448 971 3498 quo
991 3432 1027 3485 of.

383 3502 459 3556 Hist.
471 3502 515 3557 lit
529 3502 563 3555 de
576 3502 605 3555 la
618 3502 725 3555 Franco
739 3503 773 3567 ll,
786 3510 916 3559 116-19.
929 3502 1027 3556 Post

383 3572 587 3627 humanius
599 3573 694 3644 patria
707 3572 951 3641 eratAqnitanue,
964 3572 1027 3627 lite·
1054 3577 1131 3629 creto
1145 3573 1232 3627 citato
1247 3573 1345 3643 magni
1353 3575 1394 3626 fit.
1420 3572 1491 3627 Cum
1504 3590 1570 3627 vero
1584 3572 1697 3629 ehilias·

384 3644 424 3698 ris
431 3644 650 3699 humanioribus
658 3644 727 3698 satis
734 3644 896 3709 institutus,
910 3645 1027 3712 quinon
1054 3649 1147 3699 tarum
1161 3644 1311 3715 opiniones
1324 3644 1355 3698 in
1368 3644 1419 3701 illo
1433 3644 1549 3715 dialogo
1569 3662 1627 3700 non
1640 3660 1697 3699 anr-

385 3716 474 3769 semel
487 3716 1027 3787 Africam,AegyptnmetPaIaestinam
1054 3716 1139 3785 plius,
1153 3717 1253 3770 saltem
1267 3715 1350 3779 clare,
1370 3720 1538 3787 appareant,
1558 3716 1698 3787 suspicari

383 3787 531 3841 inviserat.
556 3786 613 3841 Diu
635 3791 827 3844 commoratus
844 3791 888 3842 est
906 3787 985 3857 apud
1005 3805 1026 3841 e.
1054 3788 1127 3841 forte
1153 3787 1229 3852 hcet,
1255 3804 1320 3842 eum
1346 3788 1449 3851 locum,
1475 3791 1592 3858 propter
1613 3804 1698 3856 quem

386 3858 593 3927 Hieronymum
604 3858 635 3911 in
650 3858 824 3913 Bethlehem.
850 3858 973 3913 Rediens
992 3875 1027 3911 ex
1054 3861 1129 3913 male
1142 3858 1280 3913 audiebat
1298 3861 1406 3919 auctor,
1426 3874 1443 3911 a
1463 3858 1590 3912 librariis
1610 3858 1698 3913 fuisse

385 3928 501 3983 Oriente
522 3930 553 3983 in
573 3928 729 3983 Paulinam
749 3929 895 3986 Nolanum
914 3929 1026 3994 incidit,
1055 3930 1201 3993 omissum,
1215 3933 1249 3982 ut
1261 3932 1290 3983 et
1302 3932 1382 3984 Iocus
1395 3930 1429 3983 de
1442 3929 1613 3983 antichristo
1627 3929 1697 3983 desi-

384 4000 437 4069 qni
450 4000 512 4070 ejus
524 4002 633 4055 virtute
646 4004 747 4071 captus
755 4000 809 4054 iter
819 4002 856 4054 ad
866 4001 1027 4072 Sulpicium
1054 4002 1171 4055 deratnr
1181 4000 1212 4054 iu
1223 3999 1445 4071 quamplurimis
1455 4000 1536 4057 codd.
1546 4018 1612 4055 mss.
1623 4001 1698 4054 Fieri

384 4074 519 4126 Severum
541 4073 668 4143 impense
690 4072 909 4136 commendavit,
929 4090 946 4126 a
969 4088 1026 4140 quo
1055 4072 1141 4126 etiarn
1155 4072 1261 4143 potuit,
1276 4075 1309 4125 nt
1322 4072 1513 4140 Hieronymus
1534 4073 1579 4125 vel
1593 4088 1626 4125 ex
1647 4072 1697 4126 rni-

389 4144 522 4198 benevole
535 4144 595 4197 fnit
606 4146 742 4214 exceptus
754 4144 912 4213 magnique
925 4145 1026 4197 lactus.
1054 4162 1109 4197 nus
1134 4142 1212 4198 fideli
1236 4143 1358 4197 aliorum
1383 4142 1529 4207 relatione,
1553 4144 1598 4197 vel
1621 4143 1697 4212 quod

385 4214 492 4268 Iterum
505 4214 536 4268 in
549 4214 695 4269 Orientem
717 4218 761 4268 est
782 4216 926 4285 profectus
948 4213 1027 4268 etin
1054 4216 1147 4269 obiter
1156 4217 1270 4268 tantum
1281 4214 1439 4285 inspexerit
1447 4214 1531 4269 illum
1541 4214 1697 4285 dialogum.

385 4286 481 4339 reditu
502 4290 537 4357 (a.
558 4290 620 4358 405)
642 4286 748 4341 habuit
767 4287 846 4340 hunc
868 4287 1025 4356 dialogum,
1053 4303 1112 4339 non
1126 4286 1196 4339 setis
1209 4285 1325 4356 cognita
1334 4301 1418 4339 cauea
1428 4285 1562 4340 Severum
1571 4286 1697 4339 millena·

384 4373 471 4424 quern
492 4356 638 4427 Sulpicius
661 4357 752 4412 literis
773 4359 974 4427 consignatum
1000 4356 1027 4410 ei
1053 4358 1105 4411 riis
1117 4357 1291 4427 adjunxerit.
1305 4358 1364 4411 lmo
1377 4374 1411 4410 ex
1425 4356 1579 4411 attentiore
1589 4357 1696 4427 dialogi

404 4428 509 4483 rimum
523 4428 644 4483 Paulino
654 4429 925 4483 communicandum
938 4427 1025 4492 dedit,
1053 4428 1175 4484 lectione
1200 4430 1328 4499 apparet,
1355 4430 1438 4498 plura
1463 4428 1494 4481 in
1514 4444 1547 4482 eo
1567 4428 1697 4498 reperiri,

384 4446 453 4552 dein
465 4499 675 4568 divulgandum
695 4516 745 4570 per
757 4501 922 4570 Aegyptum
944 4499 1026 4553 alias·
1053 4516 1128 4569 qnae
1160 4518 1225 4554 eum
1257 4499 1484 4553 millenariorum
1510 4500 1697 4569 opinionibus

385 4586 441 4639 que
462 4569 588 4625 Orientis
606 4572 745 4642 regiones.
770 4571 891 4625 Videtur
912 4571 1025 4625 demum
1053 4588 1112 4624 non
1125 4572 1197 4625 benc
1210 4571 1371 4625 cohaerent.
1398 4570 1439 4624 cf.
1462 4571 1515 4623 hac
1535 4570 1569 4623 de
1592 4569 1696 4623 refusa

384 4640 475 4696 Nolae
489 4640 612 4696 haesisse
631 4646 719 4711 amne
739 4641 891 4696 aPauIino
914 4642 1026 4696 ordina·
1053 4643 1098 4696 dis
1120 4645 1249 4698 utantem
1273 4641 1307 4695 de
1330 4642 1442 4695 Prato
1465 4640 1495 4696 in
1515 4640 1581 4695 diss.
1596 4642 1628 4693 V.
1651 4642 1696 4695 his

385 4714 448 4765 turn
462 4730 521 4767 esse
535 4714 742 4782 presbyterum.
753 4714 795 4767 Of.
809 4712 881 4768 Hist.
896 4714 939 4769 lit.
952 4713 987 4766 de
997 4714 1025 4767 la
1053 4662 1181 4785 diangis
1193 4714 1332 4782 subjecta.

385 4782 1025 4848 Francell,235-9;BardenhewerKh.
1053 4785 1215 4910 XIPctde
1235 4787 1352 4839 auctore
1372 4786 1468 4838 nostro
1489 4782 1697 4839 'lillemont

386 4854 598 4918 X1,225-227.
1108 4862 1292 4921 ,eso-611:
1315 4855 1430 4909 Ebert
1452 4855 1573 4925 Aligem.
1595 4856 1696 4909 Gesoh.

422 4928 443 4997 ²)
456 4926 564 4981 &vera
586 4946 607 4981 a
629 4926 882 4997 Hieronymus
903 4945 974 4982 eom.
994 4927 1026 4981 in
1053 4927 1079 4980 d.
1094 4928 1149 4984 Lit.
1163 4928 1212 4982 des
1225 4927 1408 4981 Mittelalters
1429 4926 1546 4997 Leipzig
1562 4933 1631 4984 1889
1646 4930 1693 4982 tl

385 4994 433 5049 Ha.
446 5001 466 5051 t
479 4998 518 5051 XI
531 5016 554 5052 c.
568 5006 603 5055 36
615 5002 733 5070 propter
752 4998 849 5054 Severi
869 4999 1024 5069 dialogum,
1052 5016 1076 5052 c.
1093 5010 1132 5057 15.
1147 5001 1189 5054 ed.
1203 5006 1235 5059 2;
1256 4998 1329 5054 Hist.
1350 4998 1438 5051 litter.
1453 4998 1529 5051 dela
1550 4999 1648 5053 Frons.
1662 4998 1697 5063 II,

385 5067 433 5122 cni
443 5086 548 5125 nornen
560 5074 633 5125 Galli
641 5070 789 5141 imposuit,
804 5088 869 5124 enm
885 5070 1025 5125 chiliastis
1052 5077 1192 5131 sss-1163
1206 5071 1283 5124 Hier.
1297 5070 1332 5124 de
1346 5070 1457 5123 Prato
1471 5070 1503 5122 in
1516 5069 1696 5133 vitaetdiss,

384 5144 527 5197 accenset:
535 5140 937 5211 HieronymIveroanctoritae
943 5141 973 5199 in
979 5142 1025 5196 de·
1052 5143 1158 5209 quibus
1171 5160 1252 5197 suam
1265 5140 1373 5195 ditavIt
1385 5141 1429 5195 ed.
