4350 5934
1075 1894 1265 1995 XVIII.

720 2075 996 2213 Scriptores
1029 2074 1355 2187 ecclesiastici
1380 2076 1537 2187 seculi
1563 2076 1644 2187 XI.

852 2272 961 2369 Pars
994 2274 1123 2392 prior
1143 2274 1500 2391 (root—1050).

569 2678 640 2732 522.
667 2668 805 2729 Nondum
832 2670 1030 2728 refloruerunt
1062 2669 1162 2728 studia
1189 2669 1402 2729 monasterinm
1419 2670 1457 2727 ob
1473 2670 1591 2729 tristem
1604 2671 1670 2746 ejus
1685 2671 1834 2729 conditio-

522 2758 702 2835 tbeologica:
718 2757 777 2817 rari
792 2758 900 2817 iterum
909 2761 982 2817 aunt
991 2758 1160 2835 scriptores,
1189 2776 1256 2817 nem
1272 2759 1474 2834 temporalem,
1496 2758 1644 2817 nobilium
1659 2761 1835 2820 vexationes

522 2864 597 2923 quos
622 2846 773 2924 theologos
798 2866 866 2907 rere
891 2847 986 2905 dicere
1012 2848 1161 2923 possimus
1189 2865 1366 2923 sparsasque
1388 2847 1418 2906 in
1441 2865 1511 2906 eum
1531 2848 1694 2907 calumnias
1708 2848 1836 2924 reliquit

522 2936 634 3012 quique
650 2934 686 2995 de
701 2936 884 3013 argumentis
900 2936 1073 3013 dogmaticis
1091 2936 1160 2995 scri·
1174 2977 1176 2988 <
1189 2938 1305 2995 retento
1328 2936 1444 2994 abbatis
1467 2936 1595 2995 nomine.
1634 2937 1834 3013 aliquamdiu

523 3025 645 3100 pseriut‚
661 3044 759 3101 usque
768 3026 918 3102 graviores
933 3025 970 3084 de
985 3026 1075 3085 rebus
1091 3025 1159 3086 fidei
1190 3026 1274 3102 degit
1289 3025 1320 3084 iu
1337 3025 1406 3084 aula
1420 3042 1562 3095 caesarea,
1578 3024 1633 3084 ubi
1643 3024 1835 3088 Ottonomll.

523 3117 694 3191 comparent
703 3114 932 3174 controversiae:
949 3132 1076 3191 magnus
1092 3134 1161 3173 vero
1190 3114 1222 3173 in
1238 3114 1326 3173 variis
1341 3113 1477 3173 instituit
1493 3114 1677 3191 disciplinis;
1694 3115 1763 3175 inde
1773 3115 1833 3174 Re·

523 3206 842 3273 estuumeruseorum,
859 3202 913 3277 qui
928 3202 961 3259 iu
975 3202 1161 3278 argumentis
1175 3207 1252 3260 'mos
1278 3203 1408 3273 transiit,
1440 3203 1625 3279 intimusque
1657 3204 1752 3263 lactus
1782 3209 1833 3262 est

523 3290 861 3351 historicissiutversati.
874 3290 1017 3360 luterem,
1028 3289 1081 3365 qui
1086 3309 1160 3367 pon·
1174 3311 1177 3380 ς
1189 3290 1382 3350 Adalberonis
1397 3290 1612 3367 archiepiscopi
1627 3292 1783 3351 familiaris
1799 3298 1833 3351 et

522 3382 652 3441 tilicatus
668 3382 779 3458 apicem
794 3380 1029 3439 conscenderunt
1044 3398 1159 3455 magno,
1174 3387 1205 3437 la
1221 3380 1350 3439 secretis.
1384 3379 1504 3438 Scholas
1519 3379 1631 3439 ibidem
1646 3382 1731 3452 rexIt,
1754 3400 1832 3457 quas

523 3488 577 3529 suo
602 3471 706 3529 saltem
731 3474 874 3545 tempore,
899 3468 1028 3529 nominis
1053 3468 1159 3527 famam
1174 3463 1390 3526 'floridissimas
1399 3468 1538 3539 reddidit,
1555 3474 1590 3529 ut
1606 3469 1741 3545 undique
1756 3470 1830 3528 illu-

522 3564 569 3618 est
593 3563 767 3618 consecutus
795 3558 1025 3629 (turbertus,
1057 3562 1161 3634 postca
1187 3559 1262 3615 stres
1285 3560 1375 3631 atque
1397 3558 1514 3616 nobiles
1537 3558 1719 3618 occurrerint
1740 3559 1831 3617 disci-

523 3646 711 3707 Silvester
727 3647 756 3704 ll
769 3647 877 3717 dictus,
902 3666 960 3706 non
975 3650 1036 3705 tam
1056 3647 1159 3724 gestis,
1187 3646 1261 3721 puli,
1272 3645 1456 3720 divitemque
1468 3645 1831 3707 condiditbibliotheccm.

521 3736 570 3795 vix
592 3736 671 3794 enim
688 3753 740 3811 per
755 3734 983 3810 quadriennium
1000 3736 1099 3795 sedem
1115 3739 1159 3796 te·
1189 3735 1323 3811 Magnam
1340 3735 1381 3792 ita
1396 3736 1473 3810 apud
1490 3736 1653 3812 episcopos,
1680 3736 1832 3813 principes

521 3824 589 3883 uuit
598 3824 797 3901 apostolicam,
810 3844 899 3899 quam
909 3824 1084 3895 eruditione,
1101 3843 1160 3899 que
1187 3827 1218 3881 et
1233 3824 1442 3899 imperatorem
1452 3824 1509 3882 sibi
1520 3824 1831 3884 conciliaritauctori·

521 3918 589 3973 aute
618 3916 757 3989 suscepta
781 3913 928 3972 Ecclesiae
959 3913 1160 3989 gubernacula
1186 3915 1287 3974 tatem.
1304 3912 1451 3971 Adalbero
1460 3914 1589 3972 moriens
1598 3933 1665 3972 sum
1677 3913 1735 3972 sibi
1745 3920 1830 3989 opta·

520 4003 667 4067 inclaruit.
692 4001 852 4062 (turbertus
868 3999 1008 4083 (Girbert,
1026 3998 1158 4084 Gerlent)
1173 3968 1232 4113 luit
1248 4019 1456 4069 successorem,
1480 4002 1532 4060 sed
1556 4020 1590 4061 eo
1606 4001 1747 4061 defuncto
1762 3999 1830 4081 (23.

520 4093 614 4168 patria
638 4094 795 4161 dicemus,
828 4090 953 4149 obscuro
981 4092 1044 4151 loco
1069 4094 1159 4150 natus
1173 4090 1253 4218 ‘lau
1272 4087 1346 4169 988)
1369 4092 1482 4150 clectus
1505 4093 1550 4150 est
1572 4095 1679 4167 agente
1702 4092 1831 4168 Hugoue

520 4200 543 4240 c
559 4200 584 4242 a.
601 4192 673 4252 935,
691 4200 707 4239 a
722 4180 818 4256 prima
830 4180 991 4255 juventute
1007 4180 1158 4257 professus
1187 4180 1277 4255 Capet
1287 4198 1356 4257 rege
1372 4180 1403 4238 in
1418 4180 1671 4256 archiepiscopum
1681 4179 1829 4239 Amulius

519 4272 565 4329 est
584 4270 675 4328 sitam
692 4269 885 4329 monasticam
901 4270 932 4328 in
950 4268 1088 4328 coenobio
1106 4289 1158 4328 au·
1173 4229 1268 4342 ifilius
1284 4268 1415 4327 lotharii
1430 4269 1510 4345 regis
1523 4268 1645 4329 Galliae.
1669 4269 1742 4327 Cum
1757 4287 1829 4327 vero

518 4358 679 4417 rilliacsnsi
702 4358 736 4421 Ο.
759 4362 786 4418 S.
809 4360 880 4416 Ben.
924 4358 969 4416 Ab
995 4357 1102 4416 abbate
1127 4358 1234 4415 in¹hic
1250 4360 1317 4433 post
1332 4358 1495 4416 triennium
1518 4358 1556 4417 ob
1577 4356 1755 4433 proditionis
1771 4358 1829 4415 cri-

517 4448 689 4524 Hispaniam
706 4447 814 4505 missus
825 4442 1027 4528 (sot-970)
1044 4447 1157 4505 mathe-
1172 4447 1262 4515 tmen,
1279 4446 1315 4505 de
1332 4466 1390 4522 quo
1406 4447 1612 4515 accusabatur,
1628 4466 1646 4504 a
1662 4447 1774 4523 syuodo
1789 4447 1829 4504 ad

518 4537 560 4595 sis
578 4537 763 4611 aliarumque
786 4535 1012 4611 disciplinarum
1034 4537 1157 4593 natura·
1172 4513 1208 4648 is.
1223 4536 1363 4594 Bssolum
1379 4536 1486 4595 fuisset
1501 4536 1655 4613 depositus
1663 4532 1698 4615 ¹),
1714 4534 1746 4593 iu
1761 4536 1828 4609 ejus

516 4625 592 4683 lium
608 4642 639 4683 se
655 4624 769 4683 addixit
785 4624 892 4697 studio,
916 4624 947 4682 in
971 4624 1068 4701 iisque
1085 4624 1157 4683 adeo

517 4713 649 4791 proiecit,
676 4717 711 4773 ut
727 4714 805 4789 opud
822 4714 912 4772 rudes
929 4714 1041 4791 magice
1058 4714 1157 4773 Incur-

515 4803 589 4863 rerit
604 4802 804 4879 suspicionem
826 4804 858 4861 et
879 4802 1022 4862 ridiculae
1044 4803 1156 4863 calum·
1226 4815 1244 4883 ¹)
1258 4811 1290 4863 ln
1304 4811 1357 4864 hac
1370 4809 1478 4877 syuodo
1488 4826 1607 4879 magnas
1617 4808 1724 4890 babuit
1732 4812 1828 4880 partes

516 4892 583 4951 niae
600 4912 652 4952 geu
669 4893 769 4969 poffiug
779 4892 896 4951 fabulae
912 4891 944 4950 in
959 4910 1027 4951 oum
1043 4892 1158 4950 fuerint
1185 4882 1325 4936 Amulius
1335 4883 1358 4934 II
1370 4881 1521 4962 eklidcopll!
1533 4881 1740 4936 aurellaneffllss
1753 4885 1827 4960 (986⁵

516 4982 686 5059 ccee
702 4982 780 5059 ιω
792 4984 934 5058 posteros·
958 4980 1004 5039 e
1015 4980 1125 5040 cone
1135 4982 1157 5041 1-
1185 4953 1496 5078 instruerer
1513 4950 1827 5077 retrusurus

515 5072 594 5147 imp„
618 5071 666 5130 cui
690 5070 722 5129 in
745 5072 852 5129 itinere
874 5088 994 5129 romano
1012 5069 1156 5140 innotuit,
1171 5063 1319 5149 *adversus
1341 5095 1436 5149 sedem
1461 5093 1658 5165 apostolicam,
1685 5092 1728 5148 Cf·
1752 5093 1826 5148 ΗΜ

514 5159 611 5219 dictus
621 5162 667 5219 est
676 5160 767 5219 abbas
777 5158 942 5217 bobiensis:
960 5158 1041 5235 quod
1057 5161 1156 5217 temen
1185 5166 1226 5225 ut,
1241 5166 1288 5230 vl,
1302 5174 1452 5231 erl-528,
1476 5166 1552 5219 etde
1565 5182 1598 5219 ee
1611 5165 1728 5233 synodo,
1742 5166 1825 5233 cujus
