4350 5934
371 630 434 683 549
587 607 721 675 Finnian,
734 609 916 676 Aurelianus,
929 607 1143 681 simplicianus,
1156 607 1312 673 Ferreolus,
1325 607 1461 663 Leander.
1614 627 1630 681 5
1636 627 1676 680 50

372 798 442 869 silii,
466 797 622 856 intitules
641 806 681 860 50
698 795 899 867 distributam,
921 813 1012 871 quem
1038 794 1110 855 dein
1119 792 1359 871 archiepiscopus
1365 796 1390 869 ¹)
1399 794 1548 854 Menariae
1563 794 1596 854 in
1610 813 1677 872 pro·

370 886 525 963 inscripsit
559 893 711 964 syntuprnu
741 903 901 959 cenenum,
933 883 1013 959 quod
1038 884 1135 946 uncia
1149 882 1256 953 Weles,
1280 883 1335 960 qui
1356 883 1437 943 ultra
1451 886 1572 943 centum
1586 902 1678 943 auno·

372 975 532 1036 ediderunt
547 974 709 1034 Votllue
730 977 761 1034 et
775 973 812 1038 n
828 974 847 1033 J
853 972 1012 1032 netellus
1038 992 1106 1032 rum
1120 992 1210 1036 senex
1225 971 1353 1033 decessu
1366 993 1393 1032 a
1411 981 1483 1044 544,
1502 973 1590 1050 juxte
1604 973 1679 1040 alios

372 1065 403 1126 iu
419 1063 493 1124 bibl.
504 1065 567 1140 jur.
583 1083 645 1124 can.
660 1065 729 1135 ret,
746 1063 881 1123 Lutetiae
897 1062 1011 1134 Pauli,
1042 1072 1105 1128 554
1128 1063 1177 1122 vel
1199 1070 1272 1126 560.
1305 1062 1444 1141 synodus
1465 1062 1630 1122 breviensis
1653 1083 1678 1122 a

372 1162 557 1218 499-002.
592 1153 711 1229 Adjecit
740 1171 775 1212 ex
798 1151 931 1212 Norshis
956 1151 1013 1210 im·
1042 1161 1104 1216 519
1122 1154 1225 1212 eontra
1239 1151 1414 1230 Pelagianos
1429 1150 1616 1210 Britanniam
1631 1151 1679 1210 in·

373 1243 536 1319 perialibnr
562 1243 691 1318 capitula
716 1251 756 1306 87
787 1242 866 1318 apud
891 1240 1013 1300 Heim·
1039 1241 1182 1302 testantes
1197 1250 1377 1318 congregata
1394 1240 1481 1300 illum
1502 1242 1607 1299 contra
1628 1258 1678 1299 eoa

372 1332 467 1391 bach
504 1331 655 1391 Anecdota
692 1329 808 1406 lipsiae
849 1340 942 1396 1840.
974 1329 1012 1402 II,
1040 1330 1197 1408 ablegavit,
1220 1332 1311 1405 etque
1329 1329 1393 1405 ipse
1408 1329 1471 1388 suis
1486 1329 1679 1390 concionibus

376 1429 566 1490 202—234;
601 1420 710 1480 Pitra
736 1420 802 1484 Iar.
826 1419 895 1480 eccl.
917 1437 1013 1496 graec.
1039 1419 1183 1480 miraculo
1206 1417 1387 1478 confirmatis
1411 1437 1553 1496 magnum
1577 1437 1679 1479 eorum

372 1510 441 1570 hist.
464 1514 495 1570 et
517 1528 595 1568 mon.
613 1509 720 1568 Romae
740 1510 1012 1581 1811811384-
1038 1525 1199 1568 numerum
1217 1507 1375 1568 convertit.
1406 1507 1484 1566 Hinc
1506 1506 1538 1565 in
1559 1506 1679 1566 merito·

372 1609 447 1663 405.
467 1599 509 1658 Ex
524 1598 664 1673 utrisque
673 1597 814 1658 conflavit
823 1598 925 1675 postea
941 1615 1012 1658 eno·
1038 1616 1106 1658 rum
1114 1596 1279 1673 praemium
1289 1597 1354 1672 ejus
1364 1595 1449 1656 aedes
1464 1595 1497 1654 in
1512 1595 1680 1672 provinciae

373 1707 482 1764 aymus
498 1687 628 1765 primum
638 1687 867 1748 Nomocouonem
883 1705 937 1745 seu
952 1686 1012 1746 col·
1038 1685 1228 1762 metropolim
1236 1684 1416 1744 tuitevecte.
1438 1685 1518 1744 Num
1532 1684 1586 1742 illa
1601 1684 1680 1761 frag-

374 1777 531 1838 lectionem
556 1776 656 1854 legum
686 1775 953 1837 ecclesiasticarum
983 1777 1013 1834 et
1039 1777 1140 1834 menta
1155 1792 1257 1835 rerem
1278 1774 1341 1834 sint
1362 1773 1502 1852 genuina,
1524 1791 1585 1832 non
1607 1773 1680 1832 satia

371 1861 547 1946 civilium),
570 1885 660 1942 quem
682 1864 773 1925 habea
796 1865 875 1942 apud
898 1863 1013 1924 Vael—
1039 1864 1143 1940 liquet

373 1957 449 2015 lum
465 1958 495 2014 et
509 1954 728 2015 Justellunr
743 1972 789 2031 op.
805 1955 891 2031 citp.
904 1963 1010 2018 603,-

375 2053 448 2108 660.
473 2077 518 2090 ·-
542 2043 656 2104 Habuit
680 2061 843 2104 ssrmonem
871 2046 906 2104 de
929 2063 953 2102 e.
979 2062 1014 2102 ac
1086 2051 1159 2105 308.
1175 2043 1301 2119 Regulos
1322 2040 1443 2100 vivendi
1460 2059 1514 2116 pro
1528 2041 1680 2100 monachis

370 2134 611 2194 consubstantiali
623 2134 765 2194 I'rinitcte
781 2133 870 2212 (teate
884 2132 1013 2192 PhotIo
1040 2133 1088 2192 vel
1110 2130 1291 2192 monialibus
1313 2130 1506 2208 collegerunt,
1532 2147 1681 2190 commen·

372 2223 436 2286 cod.
449 2221 510 2300 15),
527 2241 738 2298 quoceremus.
757 2223 1013 2300 Huncimpugna·
1040 2220 1151 2281 darunt
1179 2221 1228 2280 vel
1252 2218 1475 2280 constituerunt
1497 2217 1680 2278 Aurelia·

373 2312 418 2372 vic
440 2311 701 2387 Philoponns,
728 2311 778 2372 sed
804 2311 890 2372 modo
912 2310 1012 2388 impio,
1040 2306 1150 2392 nus⁸)
1173 2308 1347 2370 arelatensis
1370 2304 1401 2387 (i
1428 2317 1476 2372 16.
1496 2307 1570 2372 Jnn.
1594 2303 1680 2390 551),

374 2399 1013 2477 putidoetimbecillo,judiceeodemPhotio.
1040 2417 1115 2473 quas
1130 2398 1166 2457 cf.
1181 2398 1214 2457 in
1229 2398 1356 2476 iligna
1371 2398 1403 2460 P.
1412 2398 1444 2458 L.
1455 2395 1583 2468 LXVIII,
1601 2405 1680 2462 385·

419 2490 481 2549 Sub
505 2489 662 2548 Finiani
678 2486 830 2571 (Fiunian,
852 2483 1013 2569 Viuuiane)
1042 2496 1175 2552 408-
1197 2486 1481 2562 simplicianus
1504 2487 1537 2548 0.
1560 2486 1590 2549 S.
1609 2487 1681 2548 Bau.

374 2575 533 2656 nomines,
557 2578 609 2652 qui
631 2578 789 2654 episcopus
808 2578 867 2636 fuit
888 2578 921 2636 iu
943 2577 1013 2638 civi-
1042 2576 1207 2652 discipulus
1224 2595 1247 2634 a.
1262 2575 1427 2645 Benedicti,
1444 2575 1536 2635 abbas
1552 2574 1681 2634 illustria

374 2671 436 2728 tate
446 2666 602 2744 Maghbile,
618 2666 880 2727 natione-iliberri
895 2664 926 2744 (†
937 2663 1013 2744 589)
1041 2664 1164 2746 (tertius
1186 2664 1223 2724 ab
1245 2685 1271 2724 a
1290 2664 1476 2742 sco-576)
1492 2663 1679 2724 cassinensis.

372 2759 472 2816 exstat
498 2755 709 2832 Poenitmticlc,
741 2755 821 2832 quod
850 2758 951 2816 umen
981 2773 1014 2814 ea
1042 2785 1085 2798 -
1102 2755 1129 2818 S.
1145 2754 1355 2813 Ferreolus
1370 2753 1527 2829 episcopus
1543 2753 1680 2812 ucetinus

373 2845 475 2918 forma,
502 2864 562 2920 qus
585 2863 666 2904 nunc
690 2845 722 2904 in
747 2845 831 2906 codd.
855 2846 1012 2920 comparet,
1040 2837 1126 2928 (uzes
1144 2839 1162 2908 †
1182 2837 1269 2922 581),
1294 2860 1418 2919 magnae
1441 2842 1489 2900 vir
1503 2841 1680 2913 sanctitatis,

373 2935 469 2994 seculi
485 2933 604 2994 videtur
626 2952 691 2993 esse
707 2933 785 2994 VIII.
818 2934 915 2994 Habes
936 2932 1014 2992 illud
1040 2949 1168 3008 magnus
1192 2931 1339 3007 sapientia
1362 2933 1394 2990 et
1417 2930 1575 2990 intellectu
1594 2930 1682 3005 juxta
1768 2943 1772 2951 ·

374 3025 406 3084 iu
426 3023 597 3084 Schmita
619 3023 667 3082 die
682 3023 873 3082 Bussbiicher
888 3023 949 3082 und
965 3020 1014 3080 die
1041 3020 1217 3097 Gregorium
1229 3025 1421 3080 turonensem
1436 3019 1507 3078 hiet
1516 3019 1565 3088 VI,
1585 3028 1611 3089 7,
1629 3019 1682 3095 qui

374 3111 595 3188 Bussdisciplin
611 3112 663 3170 der
678 3113 795 3185 Kirche,
814 3111 909 3170 lisina
928 3119 1011 3175 1883
1040 3109 1132 3169 libros
1142 3109 1258 3184 aliquos
1272 3110 1462 3183 apstolum
1477 3104 1566 3189 (quae
1579 3109 1681 3166 tamm

374 3202 397 3272 I,
416 3209 600 3264 502-510.
615 3200 784 3260 -Ibidem
799 3221 827 3278 p.
839 3208 1012 3264 ass-494
1040 3198 1174 3258 noudum
1188 3194 1415 3278 suntrepertee)
1431 3196 1681 3274 queeiSidonium

374 3289 504 3365 reperies
520 3290 685 3367 fragmenta
700 3289 854 3366 cujusdam
873 3289 893 3348 l.
914 3290 1013 3364 poeai-
1041 3292 1162 3362 secutus
1172 3283 1369 3368 composuit³)
1379 3288 1470 3362 atque
1483 3286 1612 3364 reputem
1627 3304 1681 3360 pro

372 3380 499 3438 emtiulic
515 3379 570 3438 sub
586 3379 704 3438 nomine
718 3377 879 3438 Desidia
895 3385 925 3437 et
940 3378 1012 3436 dua·
1041 3376 1220 3438 monasterio
1235 3395 1253 3434 e
1267 3395 1298 3436 se
1311 3374 1431 3436 condito
1441 3375 1571 3452 (lligne
1581 3375 1680 3445 LXVI,

374 3487 442 3526 rum
452 3469 632 3546 synodorum
642 3467 814 3526 Britanniae
824 3463 1014 3548 (etiamapud
1042 3464 1240 3542 ess—976).
1255 3499 1298 3508 -
1317 3463 1488 3524 Leander
1509 3463 1597 3523 dome
1618 3482 1682 3522 car·

374 3555 719 3616 Waaserschleben
734 3555 789 3616 Die
805 3556 1013 3616 aneordnun·
1040 3555 1236 3633 thaginensis,
1250 3556 1340 3632 gente
1356 3553 1512 3629 Hispanus,
1530 3556 1599 3630 post
1613 3552 1682 3612 diu·

374 3663 432 3722 geu
448 3646 502 3704 der
515 3645 633 3704 abendl.
648 3644 755 3706 Kirche
770 3665 798 3722 p.
819 3640 1014 3724 101-109).
1041 3647 1161 3704 ternam
1176 3643 1256 3704 attae
1275 3642 1455 3704 monasticae
1469 3643 1682 3718 professionem

375 3735 465 3794 Porro
481 3733 606 3797 sliacid
624 3733 1014 3803 fnitceleberrimnaabbas,
1041 3734 1219 3810 hispalensis
1252 3732 1489 3810 archiepiscopus
1527 3728 1564 3811 (a.
1598 3729 1682 3808 584).

374 3873 534 3884 m
1045 3822 1199 3894 ,Viserat
1210 3825 1319 3887 testu,
1335 3821 1489 3880 Isidoro
1505 3821 1683 3897 hiepiratre

415 3957 487 4031 pop
514 3959 789 4014 Bardonhewer
814 3969 827 4026 5
855 3964 905 4015 106
937 3977 964 4011 n·
991 3965 1014 4014 2
1042 3929 1096 4013 suo
1119 3911 1156 3970 de
1178 3911 1233 3969 vir.
1255 3911 1299 3970 ill.
1314 3929 1338 3969 c.
1355 3921 1406 3979 4¹,
1431 3911 1532 3969 suavis
1553 3910 1682 3986 eloquio,

375 4028 431 4082 gg¹
455 4031 488 4094 ῃ,
514 4036 590 4087 1849,
615 4063 646 4072 ,
670 4031 752 4087 Apu„
777 4031 942 4086 ΗΜΘ,
967 4045 1015 4100 pa,
1043 4001 1163 4078 ingenio
1179 3997 1464 4097 praestantissimus,
1485 3999 1549 4056 vita
1563 4017 1683 4073 quoque

373 4099 442 4154 riter
462 4101 654 4156 scholasticus
674 4102 830 4167 (110100,οι
852 4099 1015 4172 Epiphania
1043 4089 1132 4148 etium
1148 4086 1585 4163 atquedoctrinaclarrsaimue,
1602 4090 1638 4145 nt
1652 4089 1683 4144 et

373 4171 527 4242 ’58180830
549 4175 646 4228 11081ῐο
659 4174 717 4228 fere
736 4173 875 4243 aequalis,
894 4171 1015 4244 patriar·
1042 4179 1100 4237 fide
1114 4179 1179 4252 ejus
1195 4181 1285 4252 atque
1299 4174 1450 4234 industria
1463 4175 1568 4250 populi
1583 4174 1682 4252 gentis

374 4242 1015 4326 chaeantiochenoasseratis‚exeuntesenVl.
1042 4267 1206 4326 Gothorum
1228 4266 1266 4324 ab
1288 4266 1390 4324 mm
1410 4263 1529 4322 imni„
1543 4262 1581 4322 gd
1594 4264 1682 4322 fidem

374 4317 489 4384 scripsit
497 4318 646 4370 Historiam
654 4319 714 4370 delli
718 4319 817 4384 periei
825 4317 1015 4388 (ulutantes),

372 4385 457 4455 cujus
482 4389 576 4440 exstet
600 4389 713 4441 tantum
738 4387 932 4456 fragmentum
952 4403 1015 4458 pro·
1041 4407 1201 4416 --Μ

374 4456 736 4529 lixumnpudDiudorf
753 4457 826 4511 Hist.
875 4473 931 4513 aec.
945 4459 1014 4512 min.
1081 4457 1100 4526 ¹)
1120 4457 1205 4510 Vitam
1235 4453 1298 4523 ejus
1328 4450 1479 4516 descripsit
1502 4447 1683 4502 Ricemer·

375 4527 488 4598 Lipsiae
505 4533 572 4586 1870
586 4529 607 4592 Ι,
627 4535 675 4586 371
684 4534 778 4585 -882,
793 4563 820 4570 -
860 4528 880 4581 f.
893 4527 967 4581 Kru
976 4547 1015 4582 m·
1042 4526 1131 4580 chus
1144 4526 1295 4595 episcopus
1307 4542 1328 4576 s.
1341 4521 1459 4576 Davidis
1473 4538 1522 4574 seu
1534 4535 1684 4574 meneven-

376 4600 517 4654 bacher
529 4619 557 4670 p.
572 4605 624 4656 644
636 4618 658 4653 ι.
672 4601 713 4656 ed.
729 4607 753 4656 2.
1042 4597 1082 4650 sis
1096 4600 1119 4668 (ι
1135 4600 1222 4668 1096),
1235 4613 1270 4649 cx
1283 4611 1340 4664 qua
1353 4593 1405 4648 alii
1418 4590 1572 4662 biographi
1585 4591 1685 4644 hause-

412 4669 647 4738 ²)rlliussstas.
664 4669 945 4725 Finnianabbste
958 4686 1015 4724 mo·
1042 4671 1119 4721 runt
1157 4667 1267 4737 injuria
1291 4669 1387 4720 tamm
1419 4661 1554 4734 mmporie
1577 4661 1684 4744 perisse

375 4742 495 4796 austerii
503 4741 868 4815 Clanard(Cluaiu-lraird),
876 4741 954 4810 quod
962 4742 1016 4796 sub
1042 4738 1173 4803 videtur,
1211 4739 1235 4792 ei
1265 4737 1459 4808 fragmentum
1496 4734 1623 4805 excipias
1652 4733 1685 4786 in

375 4811 438 4894 ipso
460 4813 676 4870 celeberrimum
698 4817 761 4870 crat
779 4829 797 4866 a
822 4812 965 4938 uaflientia
987 4815 1016 4866 et
1043 4811 1228 4865 Wharton
1249 4809 1356 4878 Anglia
1377 4823 1458 4862 sacra
1478 4805 1513 4870 ll,
1533 4807 1684 4863 css-647.

376 4884 704 4954 virtute,etipsedictus
718 4885 839 4947 ,Ductor
878 4884 1015 4948 iberniae,
1043 4881 1122 4938 Alias
1136 4879 1545 4952 vitatotapudPotthust
1577 4882 1683 4936 ,12642

376 4955 461 5010 lictor
473 4955 641 5022 infidelium,
655 4959 806 5012 thesaurus
819 4956 1013 5010 Clonardiae.“
1042 4954 1071 5007 II
1080 4971 1096 5008 o
1105 4951 1317 5009 ntalembert
1328 4951 1381 5005 Les
1394 4949 1504 5005 licinus
1516 4949 1544 5003 d'
1570 4947 1685 5004 ccident

378 5025 456 5082 Unde
469 5026 616 5082 innumeri
636 5031 821 5082 accurrerunt
842 5027 911 5084 illuc
933 5027 1015 5080 disci·
1043 5026 1091 5089 lli,
1105 5033 1219 5082 48-54.

397 5097 446 5162 nli,
459 5097 535 5154 inter
554 5115 625 5167 qnos
645 5117 666 5154 ι.
680 5099 880 5155 Columbenus.
905 5097 1015 5154 Obiisse
1079 5101 1101 5166 2)
1116 5097 1190 5150 llist.
1203 5096 1248 5150 lit.
1260 5091 1295 5148 de
1305 5094 1334 5147 la
1347 5091 1393 5148 Fr.
1406 5093 1455 5156 Ill,
1468 5098 1617 5148 25‘2--2‘5tt

374 5117 483 5241 Iegitur
495 5187 521 5224 a.
536 5177 596 5228 548.
1078 5173 1100 5239 8)
1114 5171 1155 5222 Cf.
1169 5167 1242 5221 Hist.
1256 5165 1298 5219 lit.
1314 5167 1361 5228 ill,
1374 5168 1505 5221 324-28.

1470 5251 1524 5306 18·
