4350 5934
361 657 419 709 641
659 638 873 694 Controversiae
887 659 952 696 cum
965 639 1154 696 iconoclastis.
1168 639 1322 711 Gregorius
1335 643 1370 696 ll.
1605 661 1667 713 (342

359 825 485 896 XXXIX,
510 825 640 885 Viennae
668 823 764 906 1898)
788 827 883 886 edidit
902 828 998 887 Bedae
1025 827 1232 902 promississet,
1256 827 1425 887 novissimis
1449 828 1546 887 literis
1561 829 1670 906 imagi·

359 917 378 974 Ι,
402 916 437 973 de
460 917 530 974 loeis
553 917 661 974 sanetis
684 911 724 995 (p.
750 913 937 996 301—327)
961 916 998 974 de
1024 935 1099 974 num
1137 918 1252 976 cultum
1290 918 1441 976 vocaverit
1470 917 1669 976 idololatriam

358 1005 478 1079 quibus,
497 1007 606 1081 ,prout
616 1005 709 1082 potui,
727 1007 763 1063 ut
777 1006 840 1081 ipse
856 1023 879 1063 s.
895 1008 998 1064 auctor
1025 1004 1062 1063 ad
1078 1023 1186 1082 easque
1201 1005 1376 1065 evertendas
1393 1025 1456 1064 sese
1473 1008 1668 1066 converterit:

358 1093 471 1152 latetur
495 1094 527 1153 in
552 1093 610 1152 fine
635 1095 664 1166 l.,
695 1093 783 1153 fidem
808 1095 998 1154 historiarum
1025 1097 1056 1152 et
1092 1095 1172 1169 quad
1210 1095 1345 1172 neglecto
1375 1095 1519 1153 Germano
1541 1095 1668 1170 patriar·

358 1187 478 1242 secutus
502 1183 627 1258 exposui
657 1187 687 1242 et
718 1183 840 1242 maxime
870 1183 998 1242 dictatus
1025 1184 1079 1241 cha
1109 1184 1162 1248 ΟΡ,
1194 1184 1363 1260 improbum
1394 1184 1556 1259 Ephesiam
1579 1183 1668 1260 Apsi-

357 1273 498 1332 Arouli
502 1273 513 1329 i
547 1271 708 1330 Galliarum
740 1273 884 1348 episcopi,
922 1291 998 1348 quos
1025 1273 1091 1330 nari
1105 1273 1202 1331 filium
1223 1273 1359 1335 audierit.
1390 1272 1484 1343 ,Seis
1512 1273 1621 1348 inquit,
1644 1291 1669 1336 s.

358 1361 578 1422 eruditissimus
601 1361 633 1418 in
656 1361 817 1436 Scripturis
840 1362 999 1438 presbyter
1025 1361 1173 1420 Ecclesiae
1202 1363 1341 1439 dogmata
1365 1381 1425 1421 non
1455 1362 1668 1437 imperatorum

357 1451 601 1509 Adamnanus
627 1447 675 1530 (ci.
698 1471 727 1525 p.
753 1449 829 1530 649)
856 1451 998 1510 lacinioso
1026 1469 1098 1519 esse,
1121 1451 1171 1509 sed
1187 1451 1379 1528 pontificum
1402 1451 1512 1510 idcirco
1534 1452 1667 1510 ecclesiis

357 1557 492 1598 sermone
502 1539 670 1598 describens
679 1539 777 1600 tribus
791 1540 902 1598 libellis
919 1557 997 1597 com·
1026 1541 1189 1614 praepositi
1200 1543 1273 1599 sunt
1281 1539 1436 1617 pontifices
1453 1560 1470 1597 a
1485 1540 1667 1616 reipublicae

357 1628 600 1706 prehendit‘-
617 1629 678 1687 Sub
694 1629 790 1688 Bedae
806 1629 925 1687 nomine
941 1628 998 1686 oir-
1026 1630 1157 1704 negotiis
1187 1630 1381 1699 abstinentes
1413 1634 1443 1689 et
1473 1628 1667 1704 imperatores

357 1718 521 1777 oumfertur
543 1721 574 1775 et
591 1720 803 1794 poenitentiale,
827 1717 885 1776 alia
907 1721 997 1792 atque
1025 1736 1096 1793 erga
1106 1718 1245 1777 similiter
1254 1718 1426 1777 abstineant
1439 1719 1477 1776 ab
1491 1718 1666 1777 ecclesiasti-

356 1808 524 1867 aliaforma.
550 1807 655 1866 Forma
672 1811 719 1864 sat
730 1808 834 1882 jejuna
849 1809 880 1864 et
895 1825 998 1864 manca
1026 1806 1067 1864 eis
1086 1809 1118 1863 et
1140 1826 1215 1882 quae
1232 1807 1290 1865 sibi
1307 1808 1462 1866 commisse
1477 1811 1550 1865 sunt
1565 1825 1667 1883 capes·

356 1897 502 1973 ejusmodi
526 1895 729 1978 Pemitentiale
751 1897 871 1954 exhibet
893 1895 997 1954 Was-
1026 1897 1121 1954 sant‘
1138 1895 1265 1973 Egregie
1277 1897 1345 1954 dein
1355 1915 1392 1958 ss.
1402 1895 1567 1972 imaginum
1576 1913 1668 1954 usam

357 1985 611 2044 sersobleben
626 1985 659 2043 in
668 1986 807 2044 Bussard.
819 1984 872 2043 der
887 1985 998 2044 abend-
1025 1989 1055 2042 et
1071 1984 1185 2044 cultum
1201 1989 1313 2044 tuetur.
1338 1986 1411 2044 Cum
1426 1985 1587 2061 imperator
1606 2002 1669 2044 non

356 2074 435 2135 lund.
461 2075 567 2133 Kirche
590 2095 618 2150 p.
644 2083 827 2144 220-230,
853 2074 997 2148 illiusque
1025 2072 1211 2148 resipuisset,
1238 2075 1361 2133 alteram
1376 2079 1446 2151 post
1461 2094 1487 2132 a.
1505 2081 1567 2135 729
1585 2074 1668 2132 misit

356 2163 574 2241 genuinitatem
598 2167 702 2222 tuetur
729 2164 770 2222 ib.
794 2184 822 2238 p.
851 2171 996 2233 27-393
1025 2163 1192 2238 epistolam,
1208 2164 1240 2221 iu
1255 2183 1315 2238 qua
1331 2165 1439 2222 iterum
1455 2163 1593 2232 inculcat,
1610 2162 1666 2220 im·

355 2253 476 2312 exhibet
497 2257 529 2312 et
551 2252 719 2310 Schmitz
741 2253 792 2311 llis
809 2253 997 2311 Bussbdcher
1025 2251 1155 2327 paratoni
1171 2272 1230 2311 non
1247 2253 1335 2311 licere
1346 2252 1514 2310 immiscere
1529 2270 1559 2309 se
1574 2269 1665 2328 nego·

354 2342 377 2412 1,
393 2351 583 2410 seo—5643
600 2342 637 2412 11,
650 2351 834 2413 654-659,
851 2342 904 2416 qui
920 2341 996 2400 illud
1024 2342 1076 2399 tiis
1094 2341 1309 2401 ecclesiast-icis.
1340 2341 1400 2399 Has
1424 2338 1596 2422 epistolasl)
1619 2359 1666 2398 re-
1776 2335 1780 2340 ’

356 2431 544 2508 suppositum
561 2433 592 2488 et
607 2431 781 2490 recentioris
792 2431 916 2506 originis
928 2449 996 2489 een·
1024 2431 1104 2504 perit
1116 2430 1261 2490 Fronto
1278 2432 1312 2490 le
1328 2431 1406 2489 Duc
1421 2431 1597 2506 primusque
1604 2429 1666 2488 edi·

355 2524 414 2590 set;
438 2520 548 2595 reperit
570 2524 601 2578 et
622 2519 762 2578 Albers
785 2525 874 2594 etque
897 2539 996 2578 emen·
1024 2519 1069 2578 dit
1084 2521 1279 2580 Beronius
1302 2521 1333 2578 in
1356 2520 1461 2582 Annei.
1485 2519 1521 2578 ad
1545 2539 1569 2577 a.
1594 2528 1667 2591 726,

356 2611 456 2668 datius
473 2609 568 2667 edidit
582 2609 612 2666 in
631 2609 739 2667 Archiv
755 2610 775 2666 f.
792 2609 820 2667 Ιι.
837 2609 897 2668 KR.
912 2619 990 2670 1901
1023 2611 1114 2683 atque
1126 2609 1195 2668 inde
1205 2610 1391 2668 transierunt
1407 2608 1438 2665 iu
1454 2609 1569 2670 collect.
1586 2625 1665 2666 cono.

355 2719 383 2776 p.
402 2707 585 2772 399-418.Ι
603 2697 738 2773 illudque
750 2698 848 2757 Bedae
863 2702 996 2774 tempore
1024 2698 1159 2756 Pontifex
1175 2717 1294 2774 quoque
1311 2697 1469 2757 concilium
1492 2699 1567 2758 sorte
1590 2698 1668 2756 ciros

355 2788 553 2862 compositum
576 2787 669 2846 fuisse
693 2787 814 2862 conjicit
836 2791 867 2845 et
889 2788 994 2862 proba·
1023 2806 1048 2844 a.
1061 2797 1121 2848 727
1134 2787 1247 2857 habuit,
1264 2788 1295 2846 in
1313 2806 1371 2861 qus
1383 2786 1547 2845 doctrinam
1564 2787 1664 2844 catho-

354 2876 638 2936 bilitarBedaeesse
654 2877 856 2951 opusetatuit.
871 2911 907 2920 -
921 2877 994 2949 Epi·
1024 2875 1109 2934 licam
1133 2875 1275 2935 adversus
1308 2895 1345 2939 ss.
1370 2875 1535 2953 imaginum
1560 2875 1664 2933 salver-

353 2967 426 3024 etota
450 2965 579 3042 Sergii
601 2967 615 3023 Ι
637 2966 733 3040 Papae
756 2966 792 3024 ad
815 2965 993 3024 Geolsridum
1023 2965 1115 3022 serios
1133 2966 1263 3024 asseruit
1285 2969 1376 3042 atque
1399 2964 1569 3024 vindicarit.
1601 2961 1666 3032 Qua

354 3099 361 3113 .
378 3099 385 3111 .
402 3055 622 3113 .deBedaven.
633 3054 754 3112 Romam
763 3055 994 3114 transmittendo
1022 3053 1058 3111 de
1081 3072 1114 3111 re
1137 3054 1358 3113 Hadrianus
1380 3073 1457 3130 papa
1473 3053 1510 3111 ad
1526 3053 1664 3112 carolum

355 3140 493 3224 (Migne
511 3144 540 3205 P.
551 3143 582 3202 L.
592 3143 744 3214 LXXXIX,
755 3139 808 3223 33)
826 3145 995 3219 plusquam
1022 3143 1074 3201 u:
1100 3144 1268 3211 ,Dominus
1286 3143 1447 3220 Gregorius
1470 3161 1546 3218 papa
1560 3141 1666 3217 junior

353 3232 445 3292 dubia
461 3232 606 3291 censenda
621 3235 675 3291 est.
1022 3251 1082 3290 uns
1098 3250 1166 3290 oum
1185 3243 1224 3295 79
1242 3251 1280 3294 ss.
1304 3231 1448 3308 episeopis
1465 3234 1533 3288 ante
1549 3231 1664 3288 coufes-

1022 3321 1136 3380 sionem
1151 3321 1179 3380 b.
1197 3322 1277 3379 Petri
1301 3322 1503 3397 apostolorum
1519 3319 1665 3395 principia

399 3421 471 3474 353.
488 3410 572 3469 Nova
587 3413 652 3468 arta
668 3414 715 3468 est
729 3411 859 3470 haeresis
876 3411 929 3469 hac
946 3429 994 3470 aa·
1021 3409 1193 3485 praesidens
1206 3430 1266 3470 una
1276 3411 1366 3469 simul
1376 3410 1539 3467 multorum
1557 3426 1596 3470 ss.
1611 3428 1664 3486 pa·

351 3501 414 3559 tate
429 3499 462 3558 in
472 3499 593 3558 Oriente
603 3501 650 3558 tot
660 3500 727 3558 aliis
743 3500 841 3558 turbis
853 3501 915 3575 jam
932 3499 994 3575 agi·
1021 3504 1102 3558 trum
1112 3498 1467 3559 testimoniaroborantes
1484 3498 1618 3556 venerari
1632 3516 1666 3556 ac

353 3593 424 3659 tato,
448 3591 569 3647 auctore
585 3587 681 3648 Leone
696 3588 741 3646 111
764 3589 894 3647 Isaurico
911 3589 992 3663 imp,
1022 3589 1142 3647 adorare
1154 3607 1192 3648 ss.
1201 3589 1346 3666 imagines
1356 3591 1570 3650 censuerunt‘
1586 3586 1665 3646 Hine

353 3677 405 3754 qni
430 3677 572 3755 ignobilis
597 3677 775 3737 conditionis
801 3680 831 3735 et
861 3677 994 3736 moribus
1021 3678 1183 3753 imperator
1198 3679 1242 3736 ira
1264 3680 1296 3736 in
1311 3677 1482 3753 pontificem
1497 3677 1663 3748 excanduit,

353 3766 437 3825 rudis
460 3766 519 3824 sibi
541 3766 698 3841 imperium
718 3767 876 3842 usurpavit
892 3761 993 3848 (717).
1021 3766 1127 3843 bisque
1158 3770 1222 3843 eJus
1252 3767 1393 3826 exarchae
1422 3768 1598 3824 ravennates
1626 3764 1664 3825 ad

352 3855 547 3918 streame
565 3855 662 3930 coepit
677 3875 714 3913 ss.
731 3855 913 3931 imaginibus
930 3855 992 3914 bel·
1021 3860 1148 3915 mortem
1170 3857 1198 3915 ei
1220 3855 1404 3914 inferendam
1420 3853 1554 3924 insidias,
1577 3853 1663 3912 irrito

351 3945 415 4002 lum
430 3944 562 4003 indicere
583 3963 689 4020 easque
712 3944 905 4022 confringere.
937 3944 992 4003 Re·
1020 3948 1122 4003 tamen
1137 3949 1253 4015 conatu,
1271 3947 1454 4004 struxerunt.
1485 3943 1592 4019 Magna
1607 3942 1664 4002 bu·

353 4032 434 4091 stitit
458 4032 635 4092 fortitudine
664 4033 824 4109 apostoliea
849 4033 991 4110 Grego-
1017 4035 1068 4110 jus
1085 4032 1533 4110 pontificismeritasuntetiam
1548 4032 1581 4089 in
1591 4031 1664 4088 Ger·

351 4122 435 4180 rius
450 4121 497 4190 11„
515 4123 567 4198 qui
578 4123 684 4181 Romae
700 4125 798 4192 natus,
817 4122 873 4182 sub
891 4122 992 4200 Sergio
1022 4123 1165 4180 maniam:
1181 4141 1250 4182 nam
1267 4127 1384 4197 accepto
1400 4121 1508 4179 nuntio
1525 4120 1560 4178 de
1575 4120 1665 4178 laetis

352 4210 552 4270 subdiaconus
569 4213 599 4268 et
609 4211 788 4280 sacellarius,
806 4211 992 4270 Constantini
1020 4211 1253 4287 praedicationis
1270 4229 1293 4268 a.
1309 4209 1452 4269 Bonifatii
1468 4229 1522 4284 per
1545 4227 1594 4267 eas
1617 4227 1664 4266 re·

350 4299 509 4376 pontificis,
533 4299 605 4358 dam
621 4300 908 4376 Constantinopolim
924 4317 992 4376 pro·
1021 4300 1125 4376 giones
1142 4299 1290 4359 fructibus
1306 4319 1375 4358 eum
1389 4300 1511 4358 llomam
1536 4298 1663 4368 vocarit,

350 4389 540 4458 ficisceretur,
557 4406 663 4460 comes,
680 4389 799 4448 demum
815 4389 992 4465 postponti·
1021 4389 1195 4464 episcopum
1221 4389 1402 4448 consecravit
1429 4388 1600 4463 iterumque
1630 4387 1663 4445 in

350 4477 420 4536 fices
436 4481 550 4554 septem
561 4478 687 4554 originis
696 4497 817 4556 graecae
833 4478 881 4536 vel
898 4479 992 4554 syria-

351 4566 646 4642 caeprimnsiterum
654 4567 812 4638 Romanus,
823 4566 992 4626 cathedram
1060 4565 1078 4636 ¹)
1092 4559 1148 4614 Eas
1164 4577 1223 4614 non
1242 4575 1303 4641 esse
1323 4557 1464 4628 genuinas
1483 4555 1664 4638 contendunt

856 4657 892 4716 aa
920 4665 991 4719 715⁸
1019 4631 1049 4690 L,
1064 4633 1116 4684 tiu
1125 4630 1242 4695 erlend,
1255 4649 1287 4683 ιιι
1296 4629 1442 4699 Melanges
1455 4628 1663 4697 d'arohtelogre

350 4653 485 4802 {pitu
511 4656 725 4758 .⁰⁰n³.⁰⁰nd⁰.mi
753 4668 799 4720 19¹
826 4656 855 4712 Μ
869 4677 893 4756 ³.
1020 4705 1050 4756 et
1073 4702 1222 4756 d'histoire
1251 4708 1319 4758 1890
1340 4701 1374 4765 X,
1400 4706 1520 4760 44-60;
1546 4703 1576 4754 et
1600 4698 1665 4753 Du·

376 4745 463 4820 ejecit
473 4744 742 4822 edicturmperraha
754 4746 789 4804 de
803 4745 992 4822 confrangen-
1021 4775 1157 4827 chesne
1177 4774 1227 4828 lib.
1248 4773 1298 4826 lib·
1318 4774 1398 4843 pont·
1413 4773 1433 4835 Ι,
1447 4777 1539 4828 41311.
1554 4774 1664 4838 7541,

351 4833 398 4892 dis
414 4852 468 4909 per
482 4833 599 4894 Italiam
615 4853 652 4894 ss.
668 4834 861 4912 imaginibus,
878 4837 908 4892 et
924 4853 991 4911 gra·
1020 4847 1117 4898 maren
1130 4862 1189 4899 non
1202 4845 1327 4908 dubitat,
1340 4843 1482 4914 genuinas
1496 4842 1565 4896 alim
1579 4841 1664 4895 exsti·

350 4923 490 4982 sissimus
506 4922 543 4982 ad
558 4923 766 4999 imperatorem
782 4923 866 4982 dedit
881 4923 992 4998 episto.
1021 4917 1097 4970 tisse.
1123 4916 1246 4970 Labbe
1265 4915 1330 4969 illas
1343 4913 1449 4969 tribuit
1461 4913 1599 4984 Gregorio
1612 4913 1663 4967 III.

350 5011 395 5070 ¹⁸⁸
405 5005 463 5094 (2),
478 5011 511 5070 in
526 5012 759 5090 summarius
774 5031 798 5077 e.
808 5032 832 5075 a
846 5019 907 5076 729
925 5029 992 5070 enm
1021 4987 1072 5129 {ssi
1084 4985 1551 5128 {gibbieffoffiffingeffidilni
1566 4991 1665 5110 ἓξὲξ

348 5099 468 5202 ΙΟΙΙΙΙΘΓ
489 5101 631 5179 ΙΠΟΓΘΡΒΙ,
657 5102 736 5176 (111Οά
759 5121 828 5203 ΙΨ
849 5101 885 5160 ‘1⁰
907 5119 992 5201 ΡΨ·
1021 5148 1084 5184 rum
1099 5130 1309 5199 genuinitatlm
1329 5146 1387 5185 non
1407 5127 1505 5199 magui
1525 5126 1663 5182 momenti

350 5191 443 5266 copus
453 5193 574 5266 patmm
584 5191 738 5250 servandis
749 5209 868 5266 saeprus
884 5192 994 5268 scripto
1021 5217 1080 5256 esse
1095 5206 1198 5255 censet.

460 5299 554 5358 llurter,
568 5299 732 5348 Nomenclatar
745 5301 755 5347 I
768 5301 805 5348 ed.
819 5299 861 5350 ΙΙΙ.
1469 5296 1498 5344 21
