<?xml version="1.0" encoding="UTF-8"?>
<!DOCTYPE html PUBLIC "-//W3C//DTD XHTML 1.0 Transitional//EN"
    "http://www.w3.org/TR/xhtml1/DTD/xhtml1-transitional.dtd">
<html xmlns="http://www.w3.org/1999/xhtml" xml:lang="en" lang="en">
 <head>
  <title>
</title>
<meta http-equiv="Content-Type" content="text/html;charset=utf-8" />
  <meta name='ocr-system' content='tesseract 3.04.00' />
  <meta name='ocr-capabilities' content='ocr_page ocr_carea ocr_par ocr_line ocrx_word'/>
</head>
<body>
  <div class='ocr_page' id='page_1' title='image "./nomenclatorlite01hurtgoog/nomenclatorlite01hurtgoog_0135.png"; bbox 0 0 4350 5934; ppageno 0'>
   <div class='ocr_carea' id='block_1_1' title="bbox 378 582 1682 663">
    <p class='ocr_par' dir='ltr' id='par_1_1' title="bbox 378 582 1682 663">
     <span class='ocr_line' id='line_1_1' title="bbox 378 582 1682 663; baseline -0.006 -21"><span class='ocrx_word' id='word_1_1' title='bbox 378 602 440 657; x_wconf 80' lang='lat'><strong>225</strong></span> <span class='ocrx_word' id='word_1_2' title='bbox 648 628 652 634; x_wconf 92' lang='lat'>.</span> <span class='ocrx_word' id='word_1_3' title='bbox 712 582 845 649; x_wconf 88' lang='lat' dir='ltr'><strong>Orsisius,</strong></span> <span class='ocrx_word' id='word_1_4' title='bbox 858 583 1031 650; x_wconf 87' lang='lat' dir='ltr'><strong>Theodorus,</strong></span> <span class='ocrx_word' id='word_1_5' title='bbox 1044 582 1186 645; x_wconf 78' lang='lat' dir='ltr'><strong>Macarius</strong></span> <span class='ocrx_word' id='word_1_6' title='bbox 1199 583 1369 656; x_wconf 81' lang='lat' dir='ltr'><strong>Aegyptius.</strong></span> <span class='ocrx_word' id='word_1_7' title='bbox 1622 602 1682 663; x_wconf 68' lang='lat'><strong>226</strong></span> 
     </span>
    </p>
   </div>
   <div class='ocr_carea' id='block_1_2' title="bbox 377 769 1753 4267">
    <p class='ocr_par' dir='ltr' id='par_1_2' title="bbox 377 769 1753 4267">
     <span class='ocr_line' id='line_1_2' title="bbox 378 769 1684 847; baseline 0.001 -17"><span class='ocrx_word' id='word_1_8' title='bbox 378 769 549 847; x_wconf 88' lang='lat' dir='ltr'><strong>Scripturis,</strong></span> <span class='ocrx_word' id='word_1_9' title='bbox 565 772 602 829; x_wconf 92' lang='lat' dir='ltr'><strong>ut</strong></span> <span class='ocrx_word' id='word_1_10' title='bbox 616 770 720 829; x_wconf 87' lang='lat' dir='ltr'><strong>scribit</strong></span> <span class='ocrx_word' id='word_1_11' title='bbox 734 770 958 830; x_wconf 75' lang='lat' dir='ltr'><strong>Gennadius</strong></span> <span class='ocrx_word' id='word_1_12' title='bbox 982 770 1018 830; x_wconf 88' lang='lat' dir='ltr'><strong>de</strong></span> <span class='ocrx_word' id='word_1_13' title='bbox 1047 780 1087 834; x_wconf 84' lang='lat'><strong>30</strong></span> <span class='ocrx_word' id='word_1_14' title='bbox 1105 770 1302 830; x_wconf 89' lang='lat' dir='ltr'><strong>monasticum</strong></span> <span class='ocrx_word' id='word_1_15' title='bbox 1324 774 1371 829; x_wconf 91' lang='lat' dir='ltr'><strong>est</strong></span> <span class='ocrx_word' id='word_1_16' title='bbox 1392 772 1545 847; x_wconf 86' lang='lat' dir='ltr'><strong>amplexus</strong></span> <span class='ocrx_word' id='word_1_17' title='bbox 1561 771 1684 831; x_wconf 86' lang='lat' dir='ltr'><strong>inst-itu-</strong></span> 
     </span>
     <span class='ocr_line' id='line_1_3' title="bbox 377 859 1684 937; baseline 0.001 -18"><span class='ocrx_word' id='word_1_18' title='bbox 377 861 433 922; x_wconf 87' lang='lat' dir='ltr'><strong>vir.</strong></span> <span class='ocrx_word' id='word_1_19' title='bbox 447 860 491 919; x_wconf 91' lang='lat' dir='ltr'><strong>ill.</strong></span> <span class='ocrx_word' id='word_1_20' title='bbox 507 876 532 923; x_wconf 79' lang='lat' dir='ltr'><strong>c,</strong></span> <span class='ocrx_word' id='word_1_21' title='bbox 549 870 577 929; x_wconf 88' lang='lat'><strong>9,</strong></span> <span class='ocrx_word' id='word_1_22' title='bbox 600 859 638 918; x_wconf 90' lang='lat' dir='ltr'><strong>ad</strong></span> <span class='ocrx_word' id='word_1_23' title='bbox 653 859 818 937; x_wconf 84' lang='lat' dir='ltr'><strong>perfectum</strong></span> <span class='ocrx_word' id='word_1_24' title='bbox 839 860 1017 930; x_wconf 88' lang='lat' dir='ltr'><strong>instructus,</strong></span> <span class='ocrx_word' id='word_1_25' title='bbox 1044 862 1119 929; x_wconf 91' lang='lat' dir='ltr'><strong>tum,</strong></span> <span class='ocrx_word' id='word_1_26' title='bbox 1132 860 1164 917; x_wconf 94' lang='lat' dir='ltr'><strong>in</strong></span> <span class='ocrx_word' id='word_1_27' title='bbox 1174 878 1233 935; x_wconf 90' lang='lat' dir='ltr'><strong>quo</strong></span> <span class='ocrx_word' id='word_1_28' title='bbox 1244 860 1341 936; x_wconf 90' lang='lat' dir='ltr'><strong>rigore</strong></span> <span class='ocrx_word' id='word_1_29' title='bbox 1352 860 1431 920; x_wconf 90' lang='lat' dir='ltr'><strong>vitae</strong></span> <span class='ocrx_word' id='word_1_30' title='bbox 1441 862 1606 937; x_wconf 89' lang='lat' dir='ltr'><strong>plurimum</strong></span> <span class='ocrx_word' id='word_1_31' title='bbox 1616 879 1684 937; x_wconf 90' lang='lat' dir='ltr'><strong>pro·</strong></span> 
     </span>
     <span class='ocr_line' id='line_1_4' title="bbox 378 944 1685 1032; baseline 0.001 -24"><span class='ocrx_word' id='word_1_32' title='bbox 378 944 457 1032; x_wconf 84' lang='lat' dir='ltr'><strong>(qui)</strong></span> <span class='ocrx_word' id='word_1_33' title='bbox 474 948 640 1024; x_wconf 74' lang='lat' dir='ltr'><strong>composuit</strong></span> <span class='ocrx_word' id='word_1_34' title='bbox 660 949 771 1007; x_wconf 90' lang='lat' dir='ltr'><strong>librum</strong></span> <span class='ocrx_word' id='word_1_35' title='bbox 794 949 896 1008; x_wconf 88' lang='lat' dir='ltr'><strong>divino</strong></span> <span class='ocrx_word' id='word_1_36' title='bbox 917 947 1017 1009; x_wconf 90' lang='lat' dir='ltr'><strong>cendi·</strong></span> <span class='ocrx_word' id='word_1_37' title='bbox 1044 948 1123 1019; x_wconf 87' lang='lat' dir='ltr'><strong>fecit,</strong></span> <span class='ocrx_word' id='word_1_38' title='bbox 1141 956 1171 1007; x_wconf 87' lang='lat' dir='ltr'><strong>et</strong></span> <span class='ocrx_word' id='word_1_39' title='bbox 1186 968 1211 1006; x_wconf 89' lang='lat' dir='ltr'><strong>a.</strong></span> <span class='ocrx_word' id='word_1_40' title='bbox 1227 952 1368 1012; x_wconf 77' lang='lat' dir='ltr'><strong>uetusto</strong></span> <span class='ocrx_word' id='word_1_41' title='bbox 1387 949 1550 1009; x_wconf 88' lang='lat' dir='ltr'><strong>sacerdotio</strong></span> <span class='ocrx_word' id='word_1_42' title='bbox 1565 953 1612 1009; x_wconf 90' lang='lat' dir='ltr'><strong>est</strong></span> <span class='ocrx_word' id='word_1_43' title='bbox 1627 950 1685 1009; x_wconf 90' lang='lat' dir='ltr'><strong>ini-</strong></span> 
     </span>
     <span class='ocr_line' id='line_1_5' title="bbox 377 1037 1685 1113; baseline 0.001 -16"><span class='ocrx_word' id='word_1_44' title='bbox 377 1044 444 1097; x_wconf 90' lang='lat' dir='ltr'><strong>tum</strong></span> <span class='ocrx_word' id='word_1_45' title='bbox 465 1038 528 1097; x_wconf 87' lang='lat' dir='ltr'><strong>sale</strong></span> <span class='ocrx_word' id='word_1_46' title='bbox 550 1037 705 1113; x_wconf 89' lang='lat' dir='ltr'><strong>totiusque</strong></span> <span class='ocrx_word' id='word_1_47' title='bbox 727 1038 906 1097; x_wconf 72' lang='lat' dir='ltr'><strong>monasticae</strong></span> <span class='ocrx_word' id='word_1_48' title='bbox 927 1037 1018 1097; x_wconf 89' lang='lat' dir='ltr'><strong>disei-</strong></span> <span class='ocrx_word' id='word_1_49' title='bbox 1045 1038 1146 1101; x_wconf 88' lang='lat' dir='ltr'><strong>tiatns.</strong></span> <span class='ocrx_word' id='word_1_50' title='bbox 1185 1037 1221 1095; x_wconf 93' lang='lat' dir='ltr'><strong>ln</strong></span> <span class='ocrx_word' id='word_1_51' title='bbox 1251 1038 1383 1097; x_wconf 85' lang='lat' dir='ltr'><strong>abditam</strong></span> <span class='ocrx_word' id='word_1_52' title='bbox 1408 1039 1529 1097; x_wconf 89' lang='lat' dir='ltr'><strong>secessit</strong></span> <span class='ocrx_word' id='word_1_53' title='bbox 1553 1057 1685 1099; x_wconf 90' lang='lat' dir='ltr'><strong>eremum</strong></span> 
     </span>
     <span class='ocr_line' id='line_1_6' title="bbox 377 1126 1684 1203; baseline 0 -17"><span class='ocrx_word' id='word_1_54' title='bbox 377 1128 479 1203; x_wconf 89' lang='lat' dir='ltr'><strong>plinae</strong></span> <span class='ocrx_word' id='word_1_55' title='bbox 494 1126 703 1186; x_wconf 75' lang='lat' dir='ltr'><strong>instrumentis</strong></span> <span class='ocrx_word' id='word_1_56' title='bbox 719 1130 923 1185; x_wconf 87' lang='lat' dir='ltr'><strong>constructum</strong></span> <span class='ocrx_word' id='word_1_57' title='bbox 932 1130 972 1197; x_wconf 89' lang='lat' dir='ltr'><strong>et,</strong></span> <span class='ocrx_word' id='word_1_58' title='bbox 982 1130 1018 1185; x_wconf 92' lang='lat' dir='ltr'><strong>ut</strong></span> <span class='ocrx_word' id='word_1_59' title='bbox 1046 1126 1125 1185; x_wconf 90' lang='lat' dir='ltr'><strong>Sceti</strong></span> <span class='ocrx_word' id='word_1_60' title='bbox 1135 1126 1301 1202; x_wconf 79' lang='lat' dir='ltr'><strong>claruitque</strong></span> <span class='ocrx_word' id='word_1_61' title='bbox 1316 1146 1405 1202; x_wconf 89' lang='lat' dir='ltr'><strong>qnam</strong></span> <span class='ocrx_word' id='word_1_62' title='bbox 1420 1128 1546 1186; x_wconf 85' lang='lat' dir='ltr'><strong>maxime</strong></span> <span class='ocrx_word' id='word_1_63' title='bbox 1562 1128 1684 1187; x_wconf 88' lang='lat' dir='ltr'><strong>virtuti·</strong></span> 
     </span>
     <span class='ocr_line' id='line_1_7' title="bbox 378 1211 1685 1299; baseline 0 -24"><span class='ocrx_word' id='word_1_64' title='bbox 378 1215 555 1292; x_wconf 89' lang='lat' dir='ltr'><strong>simpliciter</strong></span> <span class='ocrx_word' id='word_1_65' title='bbox 569 1215 674 1285; x_wconf 89' lang='lat' dir='ltr'><strong>dicam,</strong></span> <span class='ocrx_word' id='word_1_66' title='bbox 698 1215 731 1275; x_wconf 93' lang='lat' dir='ltr'><strong>in</strong></span> <span class='ocrx_word' id='word_1_67' title='bbox 755 1234 815 1292; x_wconf 91' lang='lat' dir='ltr'><strong>quo</strong></span> <span class='ocrx_word' id='word_1_68' title='bbox 829 1219 928 1275; x_wconf 91' lang='lat' dir='ltr'><strong>toturn</strong></span> <span class='ocrx_word' id='word_1_69' title='bbox 943 1234 1019 1293; x_wconf 90' lang='lat' dir='ltr'><strong>pene</strong></span> <span class='ocrx_word' id='word_1_70' title='bbox 1045 1211 1356 1299; x_wconf 78' lang='lat' dir='ltr'><strong>busatqussignis1):</strong></span> <span class='ocrx_word' id='word_1_71' title='bbox 1373 1236 1426 1293; x_wconf 89' lang='lat' dir='ltr'><strong>pro</strong></span> <span class='ocrx_word' id='word_1_72' title='bbox 1441 1216 1499 1275; x_wconf 85' lang='lat' dir='ltr'><strong>fide</strong></span> <span class='ocrx_word' id='word_1_73' title='bbox 1512 1220 1613 1275; x_wconf 88' lang='lat' dir='ltr'><strong>tamen</strong></span> <span class='ocrx_word' id='word_1_74' title='bbox 1628 1217 1685 1275; x_wconf 92' lang='lat' dir='ltr'><strong>sub</strong></span> 
     </span>
     <span class='ocr_line' id='line_1_8' title="bbox 377 1303 1686 1382; baseline 0 -19"><span class='ocrx_word' id='word_1_75' title='bbox 377 1305 413 1368; x_wconf 86' lang='lat' dir='ltr'><strong>V.</strong></span> <span class='ocrx_word' id='word_1_76' title='bbox 436 1307 468 1364; x_wconf 90' lang='lat' dir='ltr'><strong>et</strong></span> <span class='ocrx_word' id='word_1_77' title='bbox 491 1304 528 1361; x_wconf 83' lang='lat' dir='ltr'><strong>N.</strong></span> <span class='ocrx_word' id='word_1_78' title='bbox 553 1304 774 1364; x_wconf 68' lang='lat' dir='ltr'><strong>Testamentum</strong></span> <span class='ocrx_word' id='word_1_79' title='bbox 805 1304 1019 1381; x_wconf 73' lang='lat' dir='ltr'><strong>compendiosis</strong></span> <span class='ocrx_word' id='word_1_80' title='bbox 1047 1304 1170 1364; x_wconf 76' lang='lat' dir='ltr'><strong>Valente</strong></span> <span class='ocrx_word' id='word_1_81' title='bbox 1192 1304 1262 1380; x_wconf 90' lang='lat' dir='ltr'><strong>imp.</strong></span> <span class='ocrx_word' id='word_1_82' title='bbox 1285 1303 1318 1363; x_wconf 91' lang='lat' dir='ltr'><strong>in</strong></span> <span class='ocrx_word' id='word_1_83' title='bbox 1340 1306 1478 1364; x_wconf 80' lang='lat' dir='ltr'><strong>exsilium</strong></span> <span class='ocrx_word' id='word_1_84' title='bbox 1501 1309 1548 1365; x_wconf 89' lang='lat' dir='ltr'><strong>est</strong></span> <span class='ocrx_word' id='word_1_85' title='bbox 1570 1306 1686 1382; x_wconf 90' lang='lat' dir='ltr'><strong>pulsus.</strong></span> 
     </span>
     <span class='ocr_line' id='line_1_9' title="bbox 379 1380 1685 1469; baseline -0.003 -14"><span class='ocrx_word' id='word_1_86' title='bbox 379 1393 637 1455; x_wconf 71' lang='lat' dir='ltr'><strong>dissertationibus</strong></span> <span class='ocrx_word' id='word_1_87' title='bbox 674 1394 763 1469; x_wconf 81' lang='lat' dir='ltr'><strong>juxta</strong></span> <span class='ocrx_word' id='word_1_88' title='bbox 806 1393 1016 1453; x_wconf 87' lang='lat' dir='ltr'><strong>monachorum</strong></span> <span class='ocrx_word' id='word_1_89' title='bbox 1047 1393 1129 1451; x_wconf 90' lang='lat' dir='ltr'><strong>Obiit</strong></span> <span class='ocrx_word' id='word_1_90' title='bbox 1145 1410 1233 1452; x_wconf 84' lang='lat' dir='ltr'><strong>senex</strong></span> <span class='ocrx_word' id='word_1_91' title='bbox 1249 1412 1274 1451; x_wconf 89' lang='lat' dir='ltr'><strong>a.</strong></span> <span class='ocrx_word' id='word_1_92' title='bbox 1293 1405 1331 1457; x_wconf 80' lang='grc' dir='ltr'><strong>9ο</strong></span> <span class='ocrx_word' id='word_1_93' title='bbox 1350 1394 1427 1453; x_wconf 88' lang='lat' dir='ltr'><strong>circa</strong></span> <span class='ocrx_word' id='word_1_94' title='bbox 1442 1380 1685 1459; x_wconf 62' lang='lat' dir='ltr'><strong>a.&#39;390vel391.</strong></span> 
     </span>
     <span class='ocr_line' id='line_1_10' title="bbox 378 1480 1685 1558; baseline 0.005 -17"><span class='ocrx_word' id='word_1_95' title='bbox 378 1483 532 1541; x_wconf 86' lang='lat' dir='ltr'><strong>dumtaxat</strong></span> <span class='ocrx_word' id='word_1_96' title='bbox 540 1480 749 1541; x_wconf 89' lang='lat' dir='ltr'><strong>necessitatem</strong></span> <span class='ocrx_word' id='word_1_97' title='bbox 758 1482 913 1541; x_wconf 90' lang='lat' dir='ltr'><strong>invenitur</strong></span> <span class='ocrx_word' id='word_1_98' title='bbox 927 1500 1016 1558; x_wconf 84' lang='lat' dir='ltr'><strong>expo·</strong></span> <span class='ocrx_word' id='word_1_99' title='bbox 1046 1481 1174 1557; x_wconf 86' lang='lat' dir='ltr'><strong>Scripsit</strong></span> <span class='ocrx_word' id='word_1_100' title='bbox 1190 1484 1267 1541; x_wconf 90' lang='lat' dir='ltr'><strong>teste</strong></span> <span class='ocrx_word' id='word_1_101' title='bbox 1284 1483 1482 1545; x_wconf 82' lang='lat' dir='ltr'><strong>Gennadio</strong></span> <span class='ocrx_word' id='word_1_102' title='bbox 1505 1484 1541 1543; x_wconf 88' lang='lat' dir='ltr'><strong>de</strong></span> <span class='ocrx_word' id='word_1_103' title='bbox 1564 1484 1620 1542; x_wconf 91' lang='lat' dir='ltr'><strong>vir.</strong></span> <span class='ocrx_word' id='word_1_104' title='bbox 1643 1484 1685 1546; x_wconf 88' lang='lat' dir='ltr'><strong>ill.</strong></span> 
     </span>
     <span class='ocr_line' id='line_1_11' title="bbox 378 1571 1686 1647; baseline -0.002 -15"><span class='ocrx_word' id='word_1_105' title='bbox 378 1572 490 1641; x_wconf 64' lang='lat' dir='ltr'><strong>situm:</strong></span> <span class='ocrx_word' id='word_1_106' title='bbox 517 1590 607 1646; x_wconf 90' lang='lat' dir='ltr'><strong>quem</strong></span> <span class='ocrx_word' id='word_1_107' title='bbox 630 1573 731 1631; x_wconf 89' lang='lat' dir='ltr'><strong>tamen</strong></span> <span class='ocrx_word' id='word_1_108' title='bbox 761 1571 825 1630; x_wconf 89' lang='lat' dir='ltr'><strong>vice</strong></span> <span class='ocrx_word' id='word_1_109' title='bbox 846 1571 1019 1630; x_wconf 86' lang='lat' dir='ltr'><strong>testamenti</strong></span> <span class='ocrx_word' id='word_1_110' title='bbox 1046 1589 1071 1630; x_wconf 91' lang='lat' dir='ltr'><strong>c.</strong></span> <span class='ocrx_word' id='word_1_111' title='bbox 1100 1582 1147 1635; x_wconf 89' lang='grc'><strong>10.</strong></span> <span class='ocrx_word' id='word_1_112' title='bbox 1173 1571 1210 1629; x_wconf 92' lang='lat' dir='ltr'><strong>ad</strong></span> <span class='ocrx_word' id='word_1_113' title='bbox 1237 1572 1372 1647; x_wconf 87' lang='lat' dir='ltr'><strong>juniores</strong></span> <span class='ocrx_word' id='word_1_114' title='bbox 1396 1572 1590 1647; x_wconf 83' lang='lat' dir='ltr'><strong>professionis</strong></span> <span class='ocrx_word' id='word_1_115' title='bbox 1616 1590 1686 1631; x_wconf 90' lang='lat' dir='ltr'><strong>suae</strong></span> 
     </span>
     <span class='ocr_line' id='line_1_12' title="bbox 377 1657 1687 1741; baseline 0 -22"><span class='ocrx_word' id='word_1_116' title='bbox 377 1679 470 1737; x_wconf 89' lang='lat' dir='ltr'><strong>prope</strong></span> <span class='ocrx_word' id='word_1_117' title='bbox 486 1659 564 1719; x_wconf 91' lang='lat' dir='ltr'><strong>diem</strong></span> <span class='ocrx_word' id='word_1_118' title='bbox 579 1660 682 1719; x_wconf 91' lang='lat' dir='ltr'><strong>obitus</strong></span> <span class='ocrx_word' id='word_1_119' title='bbox 698 1660 746 1719; x_wconf 88' lang='lat' dir='ltr'><strong>sui</strong></span> <span class='ocrx_word' id='word_1_120' title='bbox 762 1661 798 1738; x_wconf 87' lang='lat' dir='ltr'><strong>(c.</strong></span> <span class='ocrx_word' id='word_1_121' title='bbox 815 1657 893 1741; x_wconf 85' lang='grc'>380)</span> <span class='ocrx_word' id='word_1_122' title='bbox 917 1660 1017 1719; x_wconf 86' lang='lat' dir='ltr'><strong>tratri·</strong></span> <span class='ocrx_word' id='word_1_123' title='bbox 1046 1660 1211 1736; x_wconf 88' lang='lat' dir='ltr'><strong>epistolam,</strong></span> <span class='ocrx_word' id='word_1_124' title='bbox 1239 1660 1292 1729; x_wconf 87' lang='lat' dir='ltr'><strong>,in</strong></span> <span class='ocrx_word' id='word_1_125' title='bbox 1315 1679 1374 1736; x_wconf 86' lang='lat' dir='ltr'><strong>que</strong></span> <span class='ocrx_word' id='word_1_126' title='bbox 1396 1662 1490 1731; x_wconf 89' lang='lat' dir='ltr'><strong>docet,</strong></span> <span class='ocrx_word' id='word_1_127' title='bbox 1515 1661 1603 1720; x_wconf 91' lang='lat' dir='ltr'><strong>illum</strong></span> <span class='ocrx_word' id='word_1_128' title='bbox 1619 1680 1687 1738; x_wconf 87' lang='lat' dir='ltr'><strong>per-</strong></span> 
     </span>
     <span class='ocr_line' id='line_1_13' title="bbox 378 1748 1686 1827; baseline 0.001 -20"><span class='ocrx_word' id='word_1_129' title='bbox 378 1750 436 1807; x_wconf 90' lang='lat' dir='ltr'><strong>bua</strong></span> <span class='ocrx_word' id='word_1_130' title='bbox 460 1749 602 1808; x_wconf 84' lang='lat' dir='ltr'><strong>obtulit‘</strong></span> <span class='ocrx_word' id='word_1_131' title='bbox 632 1748 689 1808; x_wconf 91' lang='lat' dir='ltr'><strong>Hic</strong></span> <span class='ocrx_word' id='word_1_132' title='bbox 713 1749 790 1808; x_wconf 90' lang='lat' dir='ltr'><strong>liber</strong></span> <span class='ocrx_word' id='word_1_133' title='bbox 812 1748 1019 1808; x_wconf 89' lang='lat' dir='ltr'><strong>videturesse</strong></span> <span class='ocrx_word' id='word_1_134' title='bbox 1046 1748 1122 1807; x_wconf 87' lang='lat' dir='ltr'><strong>lecte</strong></span> <span class='ocrx_word' id='word_1_135' title='bbox 1131 1750 1191 1808; x_wconf 90' lang='lat' dir='ltr'><strong>Deo</strong></span> <span class='ocrx_word' id='word_1_136' title='bbox 1201 1768 1287 1825; x_wconf 89' lang='lat' dir='ltr'><strong>posse</strong></span> <span class='ocrx_word' id='word_1_137' title='bbox 1298 1750 1416 1822; x_wconf 84' lang='lat' dir='ltr'><strong>servire,</strong></span> <span class='ocrx_word' id='word_1_138' title='bbox 1428 1750 1480 1827; x_wconf 88' lang='lat' dir='ltr'><strong>qui</strong></span> <span class='ocrx_word' id='word_1_139' title='bbox 1490 1750 1686 1811; x_wconf 88' lang='lat' dir='ltr'><strong>conditionem</strong></span> 
     </span>
     <span class='ocr_line' id='line_1_14' title="bbox 379 1832 1686 1915; baseline 0 -18"><span class='ocrx_word' id='word_1_140' title='bbox 379 1838 513 1897; x_wconf 89' lang='lat' dir='ltr'><strong>doctrina</strong></span> <span class='ocrx_word' id='word_1_141' title='bbox 542 1838 577 1895; x_wconf 81' lang='lat' dir='ltr'><strong>de</strong></span> <span class='ocrx_word' id='word_1_142' title='bbox 600 1840 779 1897; x_wconf 81' lang='lat' dir='ltr'><strong>institutione</strong></span> <span class='ocrx_word' id='word_1_143' title='bbox 801 1832 1017 1914; x_wconf 80' lang='lat' dir='ltr'><strong>monoclerum,</strong></span> <span class='ocrx_word' id='word_1_144' title='bbox 1046 1838 1204 1897; x_wconf 79' lang='lat' dir='ltr'><strong>creationis</strong></span> <span class='ocrx_word' id='word_1_145' title='bbox 1221 1856 1291 1897; x_wconf 90' lang='lat' dir='ltr'><strong>suae</strong></span> <span class='ocrx_word' id='word_1_146' title='bbox 1315 1856 1502 1915; x_wconf 89' lang='lat' dir='ltr'><strong>cognoscens,</strong></span> <span class='ocrx_word' id='word_1_147' title='bbox 1526 1840 1562 1897; x_wconf 89' lang='lat' dir='ltr'><strong>ad</strong></span> <span class='ocrx_word' id='word_1_148' title='bbox 1585 1856 1686 1899; x_wconf 89' lang='lat' dir='ltr'><strong>omnes</strong></span> 
     </span>
     <span class='ocr_line' id='line_1_15' title="bbox 379 1926 1686 2003; baseline 0.002 -18"><span class='ocrx_word' id='word_1_149' title='bbox 379 1927 465 2002; x_wconf 90' lang='lat' dir='ltr'><strong>cnjus</strong></span> <span class='ocrx_word' id='word_1_150' title='bbox 481 1927 647 1986; x_wconf 84' lang='lat' dir='ltr'><strong>versionem</strong></span> <span class='ocrx_word' id='word_1_151' title='bbox 669 1927 804 2001; x_wconf 89' lang='lat' dir='ltr'><strong>latinam,</strong></span> <span class='ocrx_word' id='word_1_152' title='bbox 827 1927 865 1986; x_wconf 86' lang='lat' dir='ltr'><strong>ab</strong></span> <span class='ocrx_word' id='word_1_153' title='bbox 884 1927 1018 1986; x_wconf 89' lang='lat' dir='ltr'><strong>Hiero·</strong></span> <span class='ocrx_word' id='word_1_154' title='bbox 1047 1926 1241 2003; x_wconf 90' lang='lat' dir='ltr'><strong>semetipsum</strong></span> <span class='ocrx_word' id='word_1_155' title='bbox 1257 1928 1446 1987; x_wconf 87' lang='lat' dir='ltr'><strong>inclinaverit</strong></span> <span class='ocrx_word' id='word_1_156' title='bbox 1461 1928 1577 1989; x_wconf 90' lang='lat' dir='ltr'><strong>labores</strong></span> <span class='ocrx_word' id='word_1_157' title='bbox 1593 1932 1623 1987; x_wconf 90' lang='lat' dir='ltr'><strong>et</strong></span> <span class='ocrx_word' id='word_1_158' title='bbox 1638 1928 1686 1987; x_wconf 91' lang='lat' dir='ltr'><strong>lu-</strong></span> 
     </span>
     <span class='ocr_line' id='line_1_16' title="bbox 378 2010 1687 2093; baseline 0 -18"><span class='ocrx_word' id='word_1_159' title='bbox 378 2035 400 2075; x_wconf 93' lang='lat' dir='ltr'><strong>n</strong></span> <span class='ocrx_word' id='word_1_160' title='bbox 406 2010 490 2093; x_wconf 82' lang='lat' dir='ltr'><strong>ymo</strong></span> <span class='ocrx_word' id='word_1_161' title='bbox 504 2016 580 2075; x_wconf 83' lang='lat' dir='ltr'><strong>forte</strong></span> <span class='ocrx_word' id='word_1_162' title='bbox 587 2016 759 2075; x_wconf 88' lang='lat' dir='ltr'><strong>adornatam</strong></span> <span class='ocrx_word' id='word_1_163' title='bbox 770 2016 866 2075; x_wconf 90' lang='lat' dir='ltr'><strong>adbuc</strong></span> <span class='ocrx_word' id='word_1_164' title='bbox 875 2016 1018 2075; x_wconf 88' lang='lat' dir='ltr'><strong>habemus</strong></span> <span class='ocrx_word' id='word_1_165' title='bbox 1046 2015 1153 2075; x_wconf 91' lang='lat' dir='ltr'><strong>ctando</strong></span> <span class='ocrx_word' id='word_1_166' title='bbox 1164 2020 1253 2091; x_wconf 87' lang='lat' dir='ltr'><strong>atque</strong></span> <span class='ocrx_word' id='word_1_167' title='bbox 1264 2016 1484 2076; x_wconf 89' lang='lat' dir='ltr'><strong>Deiadversum</strong></span> <span class='ocrx_word' id='word_1_168' title='bbox 1494 2036 1589 2087; x_wconf 91' lang='lat' dir='ltr'><strong>omne,</strong></span> <span class='ocrx_word' id='word_1_169' title='bbox 1606 2016 1687 2093; x_wconf 91' lang='lat' dir='ltr'><strong>quod</strong></span> 
     </span>
     <span class='ocr_line' id='line_1_17' title="bbox 380 2094 1685 2186; baseline 0.002 -23"><span class='ocrx_word' id='word_1_170' title='bbox 380 2104 440 2182; x_wconf 82' lang='lat' dir='ltr'><strong>(lli</strong></span> <span class='ocrx_word' id='word_1_171' title='bbox 446 2123 518 2182; x_wconf 91' lang='lat' dir='ltr'><strong>gne</strong></span> <span class='ocrx_word' id='word_1_172' title='bbox 532 2104 565 2162; x_wconf 92' lang='lat' dir='ltr'><strong>P.</strong></span> <span class='ocrx_word' id='word_1_173' title='bbox 582 2105 614 2164; x_wconf 84' lang='lat' dir='ltr'><strong>G.</strong></span> <span class='ocrx_word' id='word_1_174' title='bbox 624 2104 682 2175; x_wconf 86' lang='lat' dir='ltr'><strong>XL,</strong></span> <span class='ocrx_word' id='word_1_175' title='bbox 695 2102 870 2186; x_wconf 82' lang='grc'>869-94).</span> <span class='ocrx_word' id='word_1_176' title='bbox 886 2105 1018 2164; x_wconf 75' lang='lat' dir='ltr'><strong>circum·</strong></span> <span class='ocrx_word' id='word_1_177' title='bbox 1046 2105 1078 2163; x_wconf 93' lang='lat' dir='ltr'><strong>in</strong></span> <span class='ocrx_word' id='word_1_178' title='bbox 1094 2106 1148 2163; x_wconf 89' lang='lat' dir='ltr'><strong>hac</strong></span> <span class='ocrx_word' id='word_1_179' title='bbox 1163 2105 1226 2163; x_wconf 84' lang='lat' dir='ltr'><strong>vita</strong></span> <span class='ocrx_word' id='word_1_180' title='bbox 1241 2124 1331 2165; x_wconf 89' lang='lat' dir='ltr'><strong>suave</strong></span> <span class='ocrx_word' id='word_1_181' title='bbox 1347 2094 1401 2176; x_wconf 82' lang='lat' dir='ltr'><strong>est,</strong></span> <span class='ocrx_word' id='word_1_182' title='bbox 1419 2106 1563 2165; x_wconf 83' lang='lat' dir='ltr'><strong>auxilium</strong></span> <span class='ocrx_word' id='word_1_183' title='bbox 1579 2106 1685 2181; x_wconf 89' lang='lat' dir='ltr'><strong>implo-</strong></span> 
     </span>
     <span class='ocr_line' id='line_1_18' title="bbox 378 2193 1686 2271; baseline -0.001 -18"><span class='ocrx_word' id='word_1_184' title='bbox 378 2194 475 2253; x_wconf 75' lang='lat' dir='ltr'><strong>fertur</strong></span> <span class='ocrx_word' id='word_1_185' title='bbox 498 2194 588 2253; x_wconf 85' lang='lat' dir='ltr'><strong>etiam</strong></span> <span class='ocrx_word' id='word_1_186' title='bbox 612 2194 735 2253; x_wconf 91' lang='lat' dir='ltr'><strong>libellus</strong></span> <span class='ocrx_word' id='word_1_187' title='bbox 751 2193 945 2253; x_wconf 89' lang='lat' dir='ltr'><strong>brevissimus</strong></span> <span class='ocrx_word' id='word_1_188' title='bbox 961 2193 1019 2252; x_wconf 89' lang='lat' dir='ltr'><strong>sub</strong></span> <span class='ocrx_word' id='word_1_189' title='bbox 1046 2194 1148 2262; x_wconf 87' lang='lat' dir='ltr'><strong>raudo,</strong></span> <span class='ocrx_word' id='word_1_190' title='bbox 1159 2194 1195 2253; x_wconf 87' lang='lat' dir='ltr'><strong>ad</strong></span> <span class='ocrx_word' id='word_1_191' title='bbox 1205 2194 1374 2253; x_wconf 88' lang='lat' dir='ltr'><strong>naturalem</strong></span> <span class='ocrx_word' id='word_1_192' title='bbox 1384 2213 1503 2270; x_wconf 90' lang='lat' dir='ltr'><strong>quoque</strong></span> <span class='ocrx_word' id='word_1_193' title='bbox 1512 2194 1686 2271; x_wconf 87' lang='lat' dir='ltr'><strong>perveniens</strong></span> 
     </span>
     <span class='ocr_line' id='line_1_19' title="bbox 380 2282 1687 2361; baseline -0.002 -18"><span class='ocrx_word' id='word_1_194' title='bbox 380 2282 485 2343; x_wconf 90' lang='lat' dir='ltr'><strong>Orsisii</strong></span> <span class='ocrx_word' id='word_1_195' title='bbox 515 2283 635 2342; x_wconf 89' lang='lat' dir='ltr'><strong>nomine</strong></span> <span class='ocrx_word' id='word_1_196' title='bbox 664 2284 699 2341; x_wconf 85' lang='lat' dir='ltr'><strong>de</strong></span> <span class='ocrx_word' id='word_1_197' title='bbox 729 2302 780 2343; x_wconf 76' lang='lat' dir='ltr'><strong>aen</strong></span> <span class='ocrx_word' id='word_1_198' title='bbox 801 2282 1020 2361; x_wconf 74' lang='lat' dir='ltr'><strong>capitationibus</strong></span> <span class='ocrx_word' id='word_1_199' title='bbox 1045 2282 1217 2359; x_wconf 84' lang='lat' dir='ltr'><strong>puritatem,</strong></span> <span class='ocrx_word' id='word_1_200' title='bbox 1234 2284 1447 2343; x_wconf 86' lang='lat' dir='ltr'><strong>continentiam</strong></span> <span class='ocrx_word' id='word_1_201' title='bbox 1464 2285 1549 2343; x_wconf 89' lang='lat' dir='ltr'><strong>velut</strong></span> <span class='ocrx_word' id='word_1_202' title='bbox 1564 2286 1687 2343; x_wconf 88' lang='lat' dir='ltr'><strong>naturae</strong></span> 
     </span>
     <span class='ocr_line' id='line_1_20' title="bbox 379 2366 1686 2452; baseline 0.002 -22"><span class='ocrx_word' id='word_1_203' title='bbox 379 2379 547 2431; x_wconf 82' lang='lat' dir='ltr'><strong>sanctorum</strong></span> <span class='ocrx_word' id='word_1_204' title='bbox 563 2366 616 2452; x_wconf 90' lang='lat' dir='ltr'><strong>(ib.</strong></span> <span class='ocrx_word' id='word_1_205' title='bbox 633 2380 695 2437; x_wconf 81' lang='lat'><strong>895</strong></span> <span class='ocrx_word' id='word_1_206' title='bbox 707 2368 753 2447; x_wconf 75' lang='lat' dir='ltr'><strong>a),</strong></span> <span class='ocrx_word' id='word_1_207' title='bbox 771 2372 824 2447; x_wconf 89' lang='lat' dir='ltr'><strong>qui</strong></span> <span class='ocrx_word' id='word_1_208' title='bbox 834 2371 1017 2448; x_wconf 89' lang='lat' dir='ltr'><strong>lortejunio·</strong></span> <span class='ocrx_word' id='word_1_209' title='bbox 1046 2371 1183 2430; x_wconf 90' lang='lat' dir='ltr'><strong>debitum</strong></span> <span class='ocrx_word' id='word_1_210' title='bbox 1197 2390 1309 2431; x_wconf 87' lang='lat' dir='ltr'><strong>munus</strong></span> <span class='ocrx_word' id='word_1_211' title='bbox 1324 2372 1519 2433; x_wconf 71' lang='lat' dir='ltr'><strong>obtinuerit.l</strong></span> <span class='ocrx_word' id='word_1_212' title='bbox 1536 2373 1686 2432; x_wconf 80' lang='lat' dir='ltr'><strong>Tribunu-</strong></span> 
     </span>
     <span class='ocr_line' id='line_1_21' title="bbox 379 2460 1686 2537; baseline 0.002 -18"><span class='ocrx_word' id='word_1_213' title='bbox 379 2461 423 2520; x_wconf 88' lang='lat' dir='ltr'><strong>ris</strong></span> <span class='ocrx_word' id='word_1_214' title='bbox 447 2463 495 2520; x_wconf 91' lang='lat' dir='ltr'><strong>est</strong></span> <span class='ocrx_word' id='word_1_215' title='bbox 517 2461 657 2521; x_wconf 89' lang='lat' dir='ltr'><strong>auctoris.</strong></span> <span class='ocrx_word' id='word_1_216' title='bbox 682 2494 726 2504; x_wconf 94' lang='lat'><em>-</em></span> <span class='ocrx_word' id='word_1_217' title='bbox 749 2461 880 2521; x_wconf 89' lang='lat' dir='ltr'><strong>Orsisius</strong></span> <span class='ocrx_word' id='word_1_218' title='bbox 906 2461 965 2520; x_wconf 88' lang='lat' dir='ltr'><strong>sibi</strong></span> <span class='ocrx_word' id='word_1_219' title='bbox 987 2460 1019 2518; x_wconf 93' lang='lat' dir='ltr'><strong>in</strong></span> <span class='ocrx_word' id='word_1_220' title='bbox 1046 2465 1099 2519; x_wconf 90' lang='lat' dir='ltr'><strong>tur</strong></span> <span class='ocrx_word' id='word_1_221' title='bbox 1114 2460 1142 2519; x_wconf 91' lang='lat' dir='ltr'><strong>ei</strong></span> <span class='ocrx_word' id='word_1_222' title='bbox 1157 2460 1295 2521; x_wconf 86' lang='lat' dir='ltr'><strong>homiliae</strong></span> <span class='ocrx_word' id='word_1_223' title='bbox 1311 2480 1365 2521; x_wconf 86' lang='lat' dir='ltr'><strong>seu</strong></span> <span class='ocrx_word' id='word_1_224' title='bbox 1379 2464 1581 2522; x_wconf 78' lang='lat' dir='ltr'><strong>instructiones</strong></span> <span class='ocrx_word' id='word_1_225' title='bbox 1597 2461 1686 2537; x_wconf 86' lang='lat' dir='ltr'><strong>spiri-</strong></span> 
     </span>
     <span class='ocr_line' id='line_1_22' title="bbox 378 2549 1687 2627; baseline -0.001 -18"><span class='ocrx_word' id='word_1_226' title='bbox 378 2552 442 2609; x_wconf 85' lang='lat' dir='ltr'><strong>tam</strong></span> <span class='ocrx_word' id='word_1_227' title='bbox 458 2549 574 2609; x_wconf 87' lang='lat' dir='ltr'><strong>difficili</strong></span> <span class='ocrx_word' id='word_1_228' title='bbox 595 2569 718 2610; x_wconf 90' lang='lat' dir='ltr'><strong>munere</strong></span> <span class='ocrx_word' id='word_1_229' title='bbox 741 2550 942 2625; x_wconf 85' lang='lat' dir='ltr'><strong>coadjutorem</strong></span> <span class='ocrx_word' id='word_1_230' title='bbox 967 2549 1019 2609; x_wconf 90' lang='lat' dir='ltr'><strong>ad·</strong></span> <span class='ocrx_word' id='word_1_231' title='bbox 1047 2550 1139 2608; x_wconf 83' lang='lat' dir='ltr'><strong>tuales</strong></span> <span class='ocrx_word' id='word_1_232' title='bbox 1149 2550 1184 2611; x_wconf 92' lang='lat' dir='ltr'><strong>L.</strong></span> <span class='ocrx_word' id='word_1_233' title='bbox 1195 2550 1230 2608; x_wconf 90' lang='lat' dir='ltr'><strong>de</strong></span> <span class='ocrx_word' id='word_1_234' title='bbox 1241 2550 1415 2627; x_wconf 87' lang='lat' dir='ltr'><strong>integritate</strong></span> <span class='ocrx_word' id='word_1_235' title='bbox 1424 2552 1512 2623; x_wconf 87' lang='lat' dir='ltr'><strong>vitae,</strong></span> <span class='ocrx_word' id='word_1_236' title='bbox 1525 2570 1600 2627; x_wconf 87' lang='lat' dir='ltr'><strong>quas</strong></span> <span class='ocrx_word' id='word_1_237' title='bbox 1611 2551 1687 2610; x_wconf 89' lang='lat' dir='ltr'><strong>chri·</strong></span> 
     </span>
     <span class='ocr_line' id='line_1_23' title="bbox 380 2638 1688 2716; baseline 0.002 -19"><span class='ocrx_word' id='word_1_238' title='bbox 380 2640 468 2697; x_wconf 88' lang='lat' dir='ltr'><strong>scivit</strong></span> <span class='ocrx_word' id='word_1_239' title='bbox 490 2638 733 2699; x_wconf 88' lang='lat' dir='ltr'><strong>Theodorum</strong></span> <span class='ocrx_word' id='word_1_240' title='bbox 757 2638 938 2715; x_wconf 89' lang='lat' dir='ltr'><strong>discipulum</strong></span> <span class='ocrx_word' id='word_1_241' title='bbox 964 2638 1018 2696; x_wconf 87' lang='lat' dir='ltr'><strong>Pa·</strong></span> <span class='ocrx_word' id='word_1_242' title='bbox 1047 2639 1160 2697; x_wconf 90' lang='lat' dir='ltr'><strong>stianos</strong></span> <span class='ocrx_word' id='word_1_243' title='bbox 1176 2639 1285 2697; x_wconf 90' lang='lat' dir='ltr'><strong>deceat.</strong></span> <span class='ocrx_word' id='word_1_244' title='bbox 1300 2640 1359 2699; x_wconf 84' lang='lat' dir='ltr'><strong>Eae</strong></span> <span class='ocrx_word' id='word_1_245' title='bbox 1375 2640 1513 2716; x_wconf 91' lang='lat' dir='ltr'><strong>pluribus</strong></span> <span class='ocrx_word' id='word_1_246' title='bbox 1529 2640 1688 2700; x_wconf 84' lang='lat' dir='ltr'><strong>admodum</strong></span> 
     </span>
     <span class='ocr_line' id='line_1_24' title="bbox 380 2726 1687 2805; baseline 0.001 -19"><span class='ocrx_word' id='word_1_247' title='bbox 380 2726 490 2787; x_wconf 90' lang='lat' dir='ltr'><strong>chomii</strong></span> <span class='ocrx_word' id='word_1_248' title='bbox 504 2728 727 2802; x_wconf 86' lang='lat' dir='ltr'><strong>praedilectum,</strong></span> <span class='ocrx_word' id='word_1_249' title='bbox 750 2728 813 2804; x_wconf 86' lang='lat' dir='ltr'><strong>qui,</strong></span> <span class='ocrx_word' id='word_1_250' title='bbox 834 2731 912 2787; x_wconf 91' lang='lat' dir='ltr'><strong>teste</strong></span> <span class='ocrx_word' id='word_1_251' title='bbox 928 2727 1018 2786; x_wconf 86' lang='lat' dir='ltr'><strong>Gen·</strong></span> <span class='ocrx_word' id='word_1_252' title='bbox 1047 2728 1687 2805; x_wconf 84' lang='lat' dir='ltr'><strong>probanturpropteregregiam,quamcum-</strong></span> 
     </span>
     <span class='ocr_line' id='line_1_25' title="bbox 379 2815 1688 2893; baseline 0.001 -18"><span class='ocrx_word' id='word_1_253' title='bbox 379 2815 495 2875; x_wconf 90' lang='lat' dir='ltr'><strong>nadio</strong></span> <span class='ocrx_word' id='word_1_254' title='bbox 511 2834 535 2875; x_wconf 92' lang='lat' dir='ltr'><strong>c.</strong></span> <span class='ocrx_word' id='word_1_255' title='bbox 553 2826 570 2879; x_wconf 90' lang='lat'>8</span> <span class='ocrx_word' id='word_1_256' title='bbox 588 2817 732 2893; x_wconf 84' lang='lat' dir='ltr'><strong>‚scripsit</strong></span> <span class='ocrx_word' id='word_1_257' title='bbox 746 2818 784 2876; x_wconf 87' lang='lat' dir='ltr'><strong>ad</strong></span> <span class='ocrx_word' id='word_1_258' title='bbox 798 2817 858 2876; x_wconf 89' lang='lat' dir='ltr'><strong>alia</strong></span> <span class='ocrx_word' id='word_1_259' title='bbox 871 2819 1020 2875; x_wconf 87' lang='lat' dir='ltr'><strong>monaste·</strong></span> <span class='ocrx_word' id='word_1_260' title='bbox 1046 2816 1221 2892; x_wconf 86' lang='lat' dir='ltr'><strong>plectuntur</strong></span> <span class='ocrx_word' id='word_1_261' title='bbox 1236 2817 1400 2877; x_wconf 88' lang='lat' dir='ltr'><strong>doctrinam</strong></span> <span class='ocrx_word' id='word_1_262' title='bbox 1417 2819 1582 2889; x_wconf 87' lang='lat' dir='ltr'><strong>asceticam,</strong></span> <span class='ocrx_word' id='word_1_263' title='bbox 1606 2822 1636 2877; x_wconf 92' lang='lat' dir='ltr'><strong>et</strong></span> <span class='ocrx_word' id='word_1_264' title='bbox 1651 2817 1688 2876; x_wconf 90' lang='lat' dir='ltr'><strong>de</strong></span> 
     </span>
     <span class='ocr_line' id='line_1_26' title="bbox 379 2905 1753 2989; baseline 0.001 -26"><span class='ocrx_word' id='word_1_265' title='bbox 379 2905 425 2963; x_wconf 88' lang='lat' dir='ltr'><strong>ria</strong></span> <span class='ocrx_word' id='word_1_266' title='bbox 438 2905 582 2981; x_wconf 88' lang='lat' dir='ltr'><strong>epistolas</strong></span> <span class='ocrx_word' id='word_1_267' title='bbox 599 2905 868 2982; x_wconf 85' lang='lat' dir='ltr'><strong>ss.Scripturerum</strong></span> <span class='ocrx_word' id='word_1_268' title='bbox 885 2923 1020 2964; x_wconf 87' lang='lat' dir='ltr'><strong>sermone</strong></span> <span class='ocrx_word' id='word_1_269' title='bbox 1047 2924 1151 2967; x_wconf 89' lang='lat' dir='ltr'><strong>earum</strong></span> <span class='ocrx_word' id='word_1_270' title='bbox 1181 2906 1367 2982; x_wconf 87' lang='lat' dir='ltr'><strong>genuinitate</strong></span> <span class='ocrx_word' id='word_1_271' title='bbox 1400 2908 1487 2983; x_wconf 81' lang='lat' dir='ltr'><strong>juxta</strong></span> <span class='ocrx_word' id='word_1_272' title='bbox 1517 2908 1688 2967; x_wconf 78' lang='lat' dir='ltr'><strong>Burden·</strong></span> <span class='ocrx_word' id='word_1_273' title='bbox 1750 2982 1753 2989; x_wconf 17' lang='grc' dir='ltr'><em>ι</em></span> 
     </span>
     <span class='ocr_line' id='line_1_27' title="bbox 381 2990 1687 3071; baseline 0.002 -19"><span class='ocrx_word' id='word_1_274' title='bbox 381 2994 519 3071; x_wconf 87' lang='lat' dir='ltr'><strong>digestae,</strong></span> <span class='ocrx_word' id='word_1_275' title='bbox 542 2994 576 3055; x_wconf 91' lang='lat' dir='ltr'><strong>in</strong></span> <span class='ocrx_word' id='word_1_276' title='bbox 597 2995 708 3071; x_wconf 88' lang='lat' dir='ltr'><strong>quibua</strong></span> <span class='ocrx_word' id='word_1_277' title='bbox 732 2998 831 3054; x_wconf 88' lang='lat' dir='ltr'><strong>tamen</strong></span> <span class='ocrx_word' id='word_1_278' title='bbox 846 2995 1020 3069; x_wconf 88' lang='lat' dir='ltr'><strong>frequenter</strong></span> <span class='ocrx_word' id='word_1_279' title='bbox 1047 2995 1172 3053; x_wconf 80' lang='lat' dir='ltr'><strong>berver</strong></span> <span class='ocrx_word' id='word_1_280' title='bbox 1187 2990 1202 3059; x_wconf 75' lang='grc' dir='ltr'><strong>ἓ</strong></span> <span class='ocrx_word' id='word_1_281' title='bbox 1215 3004 1253 3057; x_wconf 88' lang='grc'><strong>65</strong></span> <span class='ocrx_word' id='word_1_282' title='bbox 1271 3005 1330 3057; x_wconf 88' lang='lat' dir='ltr'><strong>n.4</strong></span> <span class='ocrx_word' id='word_1_283' title='bbox 1347 2995 1397 3053; x_wconf 85' lang='lat' dir='ltr'><strong>vix</strong></span> <span class='ocrx_word' id='word_1_284' title='bbox 1411 2996 1531 3056; x_wconf 87' lang='lat' dir='ltr'><strong>videtur</strong></span> <span class='ocrx_word' id='word_1_285' title='bbox 1545 2996 1687 3055; x_wconf 89' lang='lat' dir='ltr'><strong>dubitan-</strong></span> 
     </span>
     <span class='ocr_line' id='line_1_28' title="bbox 379 3082 1688 3160; baseline 0.002 -19"><span class='ocrx_word' id='word_1_286' title='bbox 379 3083 516 3142; x_wconf 90' lang='lat' dir='ltr'><strong>meminit</strong></span> <span class='ocrx_word' id='word_1_287' title='bbox 540 3084 677 3160; x_wconf 81' lang='lat' dir='ltr'><strong>magistri</strong></span> <span class='ocrx_word' id='word_1_288' title='bbox 702 3087 733 3143; x_wconf 88' lang='lat' dir='ltr'><strong>et</strong></span> <span class='ocrx_word' id='word_1_289' title='bbox 755 3083 939 3142; x_wconf 89' lang='lat' dir='ltr'><strong>institutoris</strong></span> <span class='ocrx_word' id='word_1_290' title='bbox 965 3082 1019 3141; x_wconf 90' lang='lat' dir='ltr'><strong>Pa·</strong></span> <span class='ocrx_word' id='word_1_291' title='bbox 1049 3084 1129 3146; x_wconf 91' lang='lat' dir='ltr'><strong>dum.</strong></span> <span class='ocrx_word' id='word_1_292' title='bbox 1146 3082 1257 3142; x_wconf 88' lang='lat' dir='ltr'><strong>Verum</strong></span> <span class='ocrx_word' id='word_1_293' title='bbox 1273 3102 1331 3141; x_wconf 91' lang='lat' dir='ltr'><strong>non</strong></span> <span class='ocrx_word' id='word_1_294' title='bbox 1347 3083 1458 3144; x_wconf 89' lang='lat' dir='ltr'><strong>desunt</strong></span> <span class='ocrx_word' id='word_1_295' title='bbox 1473 3084 1535 3160; x_wconf 90' lang='lat' dir='ltr'><strong>qui,</strong></span> <span class='ocrx_word' id='word_1_296' title='bbox 1552 3084 1688 3160; x_wconf 85' lang='lat' dir='ltr'><strong>quamvis</strong></span> 
     </span>
     <span class='ocr_line' id='line_1_29' title="bbox 380 3171 1736 3249; baseline 0.001 -20"><span class='ocrx_word' id='word_1_297' title='bbox 380 3171 488 3230; x_wconf 91' lang='lat' dir='ltr'><strong>chomii</strong></span> <span class='ocrx_word' id='word_1_298' title='bbox 504 3174 536 3230; x_wconf 92' lang='lat' dir='ltr'><strong>et</strong></span> <span class='ocrx_word' id='word_1_299' title='bbox 550 3172 782 3249; x_wconf 90' lang='lat' dir='ltr'><strong>doctrinaeejus‚</strong></span> <span class='ocrx_word' id='word_1_300' title='bbox 798 3191 832 3231; x_wconf 90' lang='lat' dir='ltr'><strong>ac</strong></span> <span class='ocrx_word' id='word_1_301' title='bbox 847 3173 927 3231; x_wconf 87' lang='lat' dir='ltr'><strong>vitae</strong></span> <span class='ocrx_word' id='word_1_302' title='bbox 936 3172 1022 3248; x_wconf 93' lang='lat' dir='ltr'><strong>ponit</strong></span> <span class='ocrx_word' id='word_1_303' title='bbox 1048 3171 1186 3232; x_wconf 89' lang='lat' dir='ltr'><strong>homiliae</strong></span> <span class='ocrx_word' id='word_1_304' title='bbox 1194 3190 1228 3231; x_wconf 86' lang='lat' dir='ltr'><strong>cx</strong></span> <span class='ocrx_word' id='word_1_305' title='bbox 1237 3176 1320 3247; x_wconf 86' lang='lat' dir='ltr'><strong>parte</strong></span> <span class='ocrx_word' id='word_1_306' title='bbox 1327 3172 1458 3241; x_wconf 89' lang='lat' dir='ltr'><strong>laudent,</strong></span> <span class='ocrx_word' id='word_1_307' title='bbox 1466 3176 1688 3243; x_wconf 83' lang='lat' dir='ltr'><strong>notanttamen,</strong></span> <span class='ocrx_word' id='word_1_308' title='bbox 1735 3239 1736 3243; x_wconf 7' lang='grc' dir='ltr'><strong>Ἰ</strong></span> 
     </span>
     <span class='ocr_line' id='line_1_30' title="bbox 380 3260 1689 3339; baseline 0 -20"><span class='ocrx_word' id='word_1_309' title='bbox 380 3261 520 3336; x_wconf 83' lang='lat' dir='ltr'><strong>exempla,</strong></span> <span class='ocrx_word' id='word_1_310' title='bbox 547 3280 622 3336; x_wconf 91' lang='lat' dir='ltr'><strong>quae</strong></span> <span class='ocrx_word' id='word_1_311' title='bbox 646 3261 698 3320; x_wconf 93' lang='lat' dir='ltr'><strong>ille</strong></span> <span class='ocrx_word' id='word_1_312' title='bbox 720 3264 756 3320; x_wconf 90' lang='lat' dir='ltr'><strong>ut</strong></span> <span class='ocrx_word' id='word_1_313' title='bbox 778 3262 899 3320; x_wconf 90' lang='lat' dir='ltr'><strong>doceret</strong></span> <span class='ocrx_word' id='word_1_314' title='bbox 913 3260 1020 3337; x_wconf 88' lang='lat' dir='ltr'><strong>angelo</strong></span> <span class='ocrx_word' id='word_1_315' title='bbox 1049 3280 1083 3320; x_wconf 95' lang='lat' dir='ltr'><strong>ea</strong></span> <span class='ocrx_word' id='word_1_316' title='bbox 1105 3261 1250 3319; x_wconf 89' lang='lat' dir='ltr'><strong>nonnulla</strong></span> <span class='ocrx_word' id='word_1_317' title='bbox 1271 3261 1401 3320; x_wconf 84' lang='lat' dir='ltr'><strong>admixta</strong></span> <span class='ocrx_word' id='word_1_318' title='bbox 1422 3262 1529 3321; x_wconf 86' lang='lat' dir='ltr'><strong>habere</strong></span> <span class='ocrx_word' id='word_1_319' title='bbox 1551 3262 1634 3339; x_wconf 88' lang='lat' dir='ltr'><strong>gravi</strong></span> <span class='ocrx_word' id='word_1_320' title='bbox 1659 3262 1689 3319; x_wconf 89' lang='lat' dir='ltr'><strong>et</strong></span> 
     </span>
     <span class='ocr_line' id='line_1_31' title="bbox 379 3348 1688 3428; baseline 0.002 -21"><span class='ocrx_word' id='word_1_321' title='bbox 379 3348 610 3409; x_wconf 87' lang='lat' dir='ltr'><strong>administrante</strong></span> <span class='ocrx_word' id='word_1_322' title='bbox 625 3350 778 3409; x_wconf 90' lang='lat' dir='ltr'><strong>didicerat.</strong></span> <span class='ocrx_word' id='word_1_323' title='bbox 794 3349 891 3409; x_wconf 92' lang='lat' dir='ltr'><strong>Simul</strong></span> <span class='ocrx_word' id='word_1_324' title='bbox 905 3352 937 3409; x_wconf 93' lang='lat' dir='ltr'><strong>et</strong></span> <span class='ocrx_word' id='word_1_325' title='bbox 951 3350 1020 3408; x_wconf 89' lang='lat' dir='ltr'><strong>hor·</strong></span> <span class='ocrx_word' id='word_1_326' title='bbox 1049 3350 1188 3426; x_wconf 82' lang='lat' dir='ltr'><strong>diligenti</strong></span> <span class='ocrx_word' id='word_1_327' title='bbox 1203 3368 1329 3410; x_wconf 89' lang='lat' dir='ltr'><strong>censura</strong></span> <span class='ocrx_word' id='word_1_328' title='bbox 1344 3351 1442 3428; x_wconf 88' lang='lat' dir='ltr'><strong>dignu,</strong></span> <span class='ocrx_word' id='word_1_329' title='bbox 1465 3350 1538 3411; x_wconf 89' lang='lat' dir='ltr'><strong>adeo</strong></span> <span class='ocrx_word' id='word_1_330' title='bbox 1555 3354 1590 3409; x_wconf 92' lang='lat' dir='ltr'><strong>ut</strong></span> <span class='ocrx_word' id='word_1_331' title='bbox 1606 3350 1688 3409; x_wconf 85' lang='lat' dir='ltr'><strong>locus</strong></span> 
     </span>
     <span class='ocr_line' id='line_1_32' title="bbox 381 3439 1689 3517; baseline 0.002 -21"><span class='ocrx_word' id='word_1_332' title='bbox 381 3442 463 3497; x_wconf 86' lang='lat' dir='ltr'><strong>tatur</strong></span> <span class='ocrx_word' id='word_1_333' title='bbox 478 3440 710 3514; x_wconf 85' lang='lat' dir='ltr'><strong>permanendum</strong></span> <span class='ocrx_word' id='word_1_334' title='bbox 729 3440 762 3497; x_wconf 90' lang='lat' dir='ltr'><strong>in</strong></span> <span class='ocrx_word' id='word_1_335' title='bbox 782 3439 935 3515; x_wconf 90' lang='lat' dir='ltr'><strong>proposito</strong></span> <span class='ocrx_word' id='word_1_336' title='bbox 957 3456 1022 3497; x_wconf 92' lang='lat' dir='ltr'><strong>cor·</strong></span> <span class='ocrx_word' id='word_1_337' title='bbox 1049 3439 1091 3498; x_wconf 91' lang='lat' dir='ltr'><strong>sit</strong></span> <span class='ocrx_word' id='word_1_338' title='bbox 1106 3439 1278 3515; x_wconf 86' lang='lat' dir='ltr'><strong>suspicioni,</strong></span> <span class='ocrx_word' id='word_1_339' title='bbox 1306 3458 1340 3498; x_wconf 86' lang='lat' dir='ltr'><strong>ea</strong></span> <span class='ocrx_word' id='word_1_340' title='bbox 1362 3440 1516 3515; x_wconf 85' lang='lat' dir='ltr'><strong>abaliquo</strong></span> <span class='ocrx_word' id='word_1_341' title='bbox 1532 3440 1689 3517; x_wconf 88' lang='lat' dir='ltr'><strong>pelagiano</strong></span> 
     </span>
     <span class='ocr_line' id='line_1_33' title="bbox 381 3526 1689 3605; baseline 0.002 -20"><span class='ocrx_word' id='word_1_342' title='bbox 381 3526 428 3586; x_wconf 89' lang='lat' dir='ltr'><strong>dis</strong></span> <span class='ocrx_word' id='word_1_343' title='bbox 444 3530 476 3584; x_wconf 96' lang='lat' dir='ltr'><strong>et</strong></span> <span class='ocrx_word' id='word_1_344' title='bbox 490 3527 585 3594; x_wconf 87' lang='lat' dir='ltr'><strong>studii</strong></span> <span class='ocrx_word' id='word_1_345' title='bbox 608 3533 641 3588; x_wconf 88' lang='lat' dir='ltr'><strong>et</strong></span> <span class='ocrx_word' id='word_1_346' title='bbox 661 3529 759 3587; x_wconf 86' lang='lat' dir='ltr'><strong>redire</strong></span> <span class='ocrx_word' id='word_1_347' title='bbox 783 3530 816 3587; x_wconf 93' lang='lat' dir='ltr'><strong>in</strong></span> <span class='ocrx_word' id='word_1_348' title='bbox 836 3526 1022 3586; x_wconf 87' lang='lat' dir='ltr'><strong>concordiam</strong></span> <span class='ocrx_word' id='word_1_349' title='bbox 1049 3527 1143 3587; x_wconf 87' lang='lat' dir='ltr'><strong>fuisse</strong></span> <span class='ocrx_word' id='word_1_350' title='bbox 1165 3527 1353 3604; x_wconf 88' lang='lat' dir='ltr'><strong>interpolata.</strong></span> <span class='ocrx_word' id='word_1_351' title='bbox 1397 3528 1543 3605; x_wconf 77' lang='lat' dir='ltr'><strong>opuscula</strong></span> <span class='ocrx_word' id='word_1_352' title='bbox 1568 3532 1689 3589; x_wconf 74' lang='lat' dir='ltr'><strong>crostica</strong></span> 
     </span>
     <span class='ocr_line' id='line_1_34' title="bbox 382 3615 1688 3695; baseline 0.002 -22"><span class='ocrx_word' id='word_1_353' title='bbox 382 3620 414 3674; x_wconf 88' lang='lat' dir='ltr'><strong>et</strong></span> <span class='ocrx_word' id='word_1_354' title='bbox 427 3615 574 3674; x_wconf 84' lang='lat' dir='ltr'><strong>unitatem</strong></span> <span class='ocrx_word' id='word_1_355' title='bbox 590 3635 650 3688; x_wconf 87' lang='lat' dir='ltr'><strong>eos,</strong></span> <span class='ocrx_word' id='word_1_356' title='bbox 672 3617 726 3692; x_wconf 86' lang='lat' dir='ltr'><strong>qui</strong></span> <span class='ocrx_word' id='word_1_357' title='bbox 741 3620 810 3693; x_wconf 91' lang='lat' dir='ltr'><strong>post</strong></span> <span class='ocrx_word' id='word_1_358' title='bbox 825 3616 942 3675; x_wconf 89' lang='lat' dir='ltr'><strong>abbatis</strong></span> <span class='ocrx_word' id='word_1_359' title='bbox 959 3615 1021 3674; x_wconf 90' lang='lat' dir='ltr'><strong>obi·</strong></span> <span class='ocrx_word' id='word_1_360' title='bbox 1050 3619 1163 3692; x_wconf 92' lang='lat' dir='ltr'><strong>septem</strong></span> <span class='ocrx_word' id='word_1_361' title='bbox 1188 3616 1225 3674; x_wconf 93' lang='lat' dir='ltr'><strong>de</strong></span> <span class='ocrx_word' id='word_1_362' title='bbox 1250 3618 1386 3677; x_wconf 88' lang='lat' dir='ltr'><strong>custodia</strong></span> <span class='ocrx_word' id='word_1_363' title='bbox 1411 3618 1523 3689; x_wconf 90' lang='lat' dir='ltr'><strong>cordis,</strong></span> <span class='ocrx_word' id='word_1_364' title='bbox 1556 3619 1592 3677; x_wconf 80' lang='lat' dir='ltr'><strong>‹le</strong></span> <span class='ocrx_word' id='word_1_365' title='bbox 1621 3636 1688 3695; x_wconf 88' lang='lat' dir='ltr'><strong>per·</strong></span> 
     </span>
     <span class='ocr_line' id='line_1_35' title="bbox 380 3704 1689 3783; baseline 0.001 -20"><span class='ocrx_word' id='word_1_366' title='bbox 380 3710 455 3774; x_wconf 87' lang='lat' dir='ltr'><strong>tum,</strong></span> <span class='ocrx_word' id='word_1_367' title='bbox 472 3704 657 3764; x_wconf 90' lang='lat' dir='ltr'><strong>dissensione</strong></span> <span class='ocrx_word' id='word_1_368' title='bbox 673 3705 758 3776; x_wconf 85' lang='lat' dir='ltr'><strong>facta,</strong></span> <span class='ocrx_word' id='word_1_369' title='bbox 784 3725 801 3764; x_wconf 89' lang='lat' dir='ltr'><strong>a</strong></span> <span class='ocrx_word' id='word_1_370' title='bbox 824 3708 910 3765; x_wconf 89' lang='lat' dir='ltr'><strong>coetu</strong></span> <span class='ocrx_word' id='word_1_371' title='bbox 927 3709 1022 3763; x_wconf 88' lang='lat' dir='ltr'><strong>semet</strong></span> <span class='ocrx_word' id='word_1_372' title='bbox 1049 3705 1175 3764; x_wconf 86' lang='lat' dir='ltr'><strong>tectione</strong></span> <span class='ocrx_word' id='word_1_373' title='bbox 1190 3706 1222 3763; x_wconf 90' lang='lat' dir='ltr'><strong>in</strong></span> <span class='ocrx_word' id='word_1_374' title='bbox 1239 3706 1356 3781; x_wconf 88' lang='lat' dir='ltr'><strong>spiritu,</strong></span> <span class='ocrx_word' id='word_1_375' title='bbox 1377 3706 1413 3766; x_wconf 92' lang='lat' dir='ltr'><strong>de</strong></span> <span class='ocrx_word' id='word_1_376' title='bbox 1429 3708 1569 3777; x_wconf 89' lang='lat' dir='ltr'><strong>oratione,</strong></span> <span class='ocrx_word' id='word_1_377' title='bbox 1587 3707 1622 3765; x_wconf 91' lang='lat' dir='ltr'><strong>de</strong></span> <span class='ocrx_word' id='word_1_378' title='bbox 1638 3726 1689 3783; x_wconf 90' lang='lat' dir='ltr'><strong>pa-</strong></span> 
     </span>
     <span class='ocr_line' id='line_1_36' title="bbox 381 3793 1690 3870; baseline 0.002 -19"><span class='ocrx_word' id='word_1_379' title='bbox 381 3793 464 3870; x_wconf 87' lang='lat' dir='ltr'><strong>ipsos</strong></span> <span class='ocrx_word' id='word_1_380' title='bbox 479 3794 666 3853; x_wconf 87' lang='lat' dir='ltr'><strong>absciderant</strong></span> <span class='ocrx_word' id='word_1_381' title='bbox 674 3795 810 3857; x_wconf 87' lang='lat' dir='ltr'><strong>unitatis.</strong></span> <span class='ocrx_word' id='word_1_382' title='bbox 827 3798 906 3856; x_wconf 88' lang='lat' dir='ltr'><strong>Sunt</strong></span> <span class='ocrx_word' id='word_1_383' title='bbox 922 3796 1022 3852; x_wconf 84' lang='lat' dir='ltr'><strong>autem</strong></span> <span class='ocrx_word' id='word_1_384' title='bbox 1049 3794 1157 3853; x_wconf 88' lang='lat' dir='ltr'><strong>tientia</strong></span> <span class='ocrx_word' id='word_1_385' title='bbox 1187 3797 1217 3851; x_wconf 88' lang='lat' dir='ltr'><strong>et</strong></span> <span class='ocrx_word' id='word_1_386' title='bbox 1247 3795 1434 3868; x_wconf 88' lang='lat' dir='ltr'><strong>discretione,</strong></span> <span class='ocrx_word' id='word_1_387' title='bbox 1459 3796 1496 3856; x_wconf 91' lang='lat' dir='ltr'><strong>de</strong></span> <span class='ocrx_word' id='word_1_388' title='bbox 1527 3796 1690 3855; x_wconf 83' lang='lat' dir='ltr'><strong>elevatione</strong></span> 
     </span>
     <span class='ocr_line' id='line_1_37' title="bbox 381 3882 1688 3958; baseline 0.002 -18"><span class='ocrx_word' id='word_1_389' title='bbox 381 3882 473 3958; x_wconf 88' lang='lat' dir='ltr'><strong>hujus</strong></span> <span class='ocrx_word' id='word_1_390' title='bbox 503 3883 717 3943; x_wconf 87' lang='lat' dir='ltr'><strong>exhortationis</strong></span> <span class='ocrx_word' id='word_1_391' title='bbox 754 3886 888 3957; x_wconf 79' lang='lat' dir='ltr'><strong>epistolae</strong></span> <span class='ocrx_word' id='word_1_392' title='bbox 916 3886 1020 3941; x_wconf 77' lang='lat' dir='ltr'><strong>tresz‘</strong></span> <span class='ocrx_word' id='word_1_393' title='bbox 1049 3882 1168 3952; x_wconf 87' lang='lat' dir='ltr'><strong>mentis,</strong></span> <span class='ocrx_word' id='word_1_394' title='bbox 1184 3882 1220 3942; x_wconf 87' lang='lat' dir='ltr'><strong>de</strong></span> <span class='ocrx_word' id='word_1_395' title='bbox 1231 3884 1361 3957; x_wconf 83' lang='lat' dir='ltr'><strong>caritate,</strong></span> <span class='ocrx_word' id='word_1_396' title='bbox 1377 3885 1413 3943; x_wconf 88' lang='lat' dir='ltr'><strong>de</strong></span> <span class='ocrx_word' id='word_1_397' title='bbox 1423 3884 1560 3944; x_wconf 84' lang='lat' dir='ltr'><strong>libertate</strong></span> <span class='ocrx_word' id='word_1_398' title='bbox 1571 3885 1688 3953; x_wconf 90' lang='lat' dir='ltr'><strong>mentis,</strong></span> 
     </span>
     <span class='ocr_line' id='line_1_38' title="bbox 382 3966 1690 4072; baseline -0.001 -43"><span class='ocrx_word' id='word_1_399' title='bbox 382 3989 458 4047; x_wconf 91' lang='lat' dir='ltr'><strong>quae</strong></span> <span class='ocrx_word' id='word_1_400' title='bbox 473 3975 574 4031; x_wconf 90' lang='lat' dir='ltr'><strong>tamen</strong></span> <span class='ocrx_word' id='word_1_401' title='bbox 589 3966 1020 4071; x_wconf 80' lang='lat' dir='ltr'><strong>perieruntflieronyrnus</strong></span> <span class='ocrx_word' id='word_1_402' title='bbox 1102 4008 1119 4072; x_wconf 87' lang='lat'><strong>¹)</strong></span> <span class='ocrx_word' id='word_1_403' title='bbox 1139 3999 1180 4054; x_wconf 60' lang='lat' dir='ltr'><strong>De</strong></span> <span class='ocrx_word' id='word_1_404' title='bbox 1205 4002 1266 4069; x_wconf 57' lang='lat' dir='ltr'>ejus</span> <span class='ocrx_word' id='word_1_405' title='bbox 1291 3999 1398 4055; x_wconf 52' lang='lat' dir='ltr'>virtute</span> <span class='ocrx_word' id='word_1_406' title='bbox 1423 4003 1509 4069; x_wconf 84' lang='lat' dir='ltr'><strong>atque</strong></span> <span class='ocrx_word' id='word_1_407' title='bbox 1535 3998 1690 4061; x_wconf 81' lang='lat' dir='ltr'><strong>miraculis,</strong></span> 
     </span>
     <span class='ocr_line' id='line_1_39' title="bbox 382 4060 1691 4141; baseline 0.004 -24"><span class='ocrx_word' id='word_1_408' title='bbox 382 4078 471 4120; x_wconf 89' lang='lat' dir='ltr'><strong>unam</strong></span> <span class='ocrx_word' id='word_1_409' title='bbox 487 4060 575 4120; x_wconf 92' lang='lat' dir='ltr'><strong>uobis</strong></span> <span class='ocrx_word' id='word_1_410' title='bbox 590 4062 753 4121; x_wconf 83' lang='lat' dir='ltr'><strong>asservavit</strong></span> <span class='ocrx_word' id='word_1_411' title='bbox 768 4080 812 4137; x_wconf 89' lang='lat' dir='ltr'><strong>ep.</strong></span> <span class='ocrx_word' id='word_1_412' title='bbox 828 4061 973 4120; x_wconf 77' lang='lat' dir='ltr'><strong>Theodori</strong></span> <span class='ocrx_word' id='word_1_413' title='bbox 988 4060 1023 4117; x_wconf 79' lang='lat' dir='ltr'><strong>de</strong></span> <span class='ocrx_word' id='word_1_414' title='bbox 1050 4088 1124 4141; x_wconf 87' lang='lat' dir='ltr'><strong>quae</strong></span> <span class='ocrx_word' id='word_1_415' title='bbox 1138 4072 1272 4141; x_wconf 80' lang='lat' dir='ltr'><strong>patravit,</strong></span> <span class='ocrx_word' id='word_1_416' title='bbox 1292 4073 1385 4125; x_wconf 88' lang='lat' dir='ltr'><strong>multa</strong></span> <span class='ocrx_word' id='word_1_417' title='bbox 1398 4072 1506 4127; x_wconf 90' lang='lat' dir='ltr'><strong>habent</strong></span> <span class='ocrx_word' id='word_1_418' title='bbox 1525 4070 1691 4124; x_wconf 81' lang='lat' dir='ltr'><strong>Rufinus</strong></span> 
     </span>
     <span class='ocr_line' id='line_1_40' title="bbox 377 4141 1690 4267; baseline -0.002 -70"><span class='ocrx_word' id='word_1_419' title='bbox 377 4150 516 4223; x_wconf 64' lang='lat' dir='ltr'><strong>paschate</strong></span> <span class='ocrx_word' id='word_1_420' title='bbox 530 4149 567 4208; x_wconf 73' lang='lat' dir='ltr'><strong>gd</strong></span> <span class='ocrx_word' id='word_1_421' title='bbox 583 4151 683 4209; x_wconf 69' lang='lat' dir='ltr'><strong>omnig</strong></span> <span class='ocrx_word' id='word_1_422' title='bbox 697 4151 874 4209; x_wconf 66' lang='lat' dir='ltr'><strong>monasteria</strong></span> <span class='ocrx_word' id='word_1_423' title='bbox 890 4149 1022 4230; x_wconf 70' lang='lat' dir='ltr'><strong>(Migno</strong></span> <span class='ocrx_word' id='word_1_424' title='bbox 1049 4144 1080 4198; x_wconf 83' lang='lat' dir='ltr'><strong>iu</strong></span> <span class='ocrx_word' id='word_1_425' title='bbox 1094 4144 1162 4197; x_wconf 75' lang='lat' dir='ltr'><strong>vitis</strong></span> <span class='ocrx_word' id='word_1_426' title='bbox 1174 4146 1290 4267; x_wconf 46' lang='lat' dir='ltr'><strong>{tibrum</strong></span> <span class='ocrx_word' id='word_1_427' title='bbox 1312 4160 1336 4197; x_wconf 84' lang='lat' dir='ltr'><strong>c.</strong></span> <span class='ocrx_word' id='word_1_428' title='bbox 1350 4151 1418 4200; x_wconf 73' lang='lat'>&#39;288-</span> <span class='ocrx_word' id='word_1_429' title='bbox 1438 4146 1468 4197; x_wconf 79' lang='lat' dir='ltr'><strong>eb</strong></span> <span class='ocrx_word' id='word_1_430' title='bbox 1488 4141 1690 4197; x_wconf 74' lang='lat' dir='ltr'><strong>Palladius</strong></span> 
     </span>
    </p>
   </div>
   <div class='ocr_carea' id='block_1_3' title="bbox 383 4212 1691 4351">
    <p class='ocr_par' dir='ltr' id='par_1_3' title="bbox 383 4212 1691 4351">
     <span class='ocr_line' id='line_1_41' title="bbox 383 4212 1691 4351; baseline -0.01 4"><span class='ocrx_word' id='word_1_431' title='bbox 383 4239 415 4301; x_wconf 63' lang='grc' dir='ltr'><strong>Ρ·</strong></span> <span class='ocrx_word' id='word_1_432' title='bbox 428 4238 461 4296; x_wconf 58' lang='lat' dir='ltr'><strong>L·</strong></span> <span class='ocrx_word' id='word_1_433' title='bbox 476 4237 581 4309; x_wconf 53' lang='lat' dir='ltr'><strong>ciffi·</strong></span> <span class='ocrx_word' id='word_1_434' title='bbox 600 4250 639 4302; x_wconf 72' lang='lat'><strong>⁹⁹</strong></span> <span class='ocrx_word' id='word_1_435' title='bbox 657 4236 701 4319; x_wconf 68' lang='lat' dir='ltr'><strong>n.</strong></span> <span class='ocrx_word' id='word_1_436' title='bbox 718 4240 875 4315; x_wconf 59' lang='lat' dir='ltr'><strong>nr„</strong></span> <span class='ocrx_word' id='word_1_437' title='bbox 894 4240 1021 4312; x_wconf 64' lang='lat' dir='ltr'><strong>aa·</strong></span> <span class='ocrx_word' id='word_1_438' title='bbox 1049 4213 1342 4340; x_wconf 57' lang='lat' dir='ltr'><strong>tillense</strong></span> <span class='ocrx_word' id='word_1_439' title='bbox 1356 4233 1399 4342; x_wconf 74' lang='lat' dir='ltr'><strong>s,</strong></span> <span class='ocrx_word' id='word_1_440' title='bbox 1412 4212 1691 4351; x_wconf 55' lang='lat' dir='ltr'><strong>iteretis}</strong></span> 
     </span>
    </p>
   </div>
   <div class='ocr_carea' id='block_1_4' title="bbox 381 4327 1691 4576">
    <p class='ocr_par' dir='ltr' id='par_1_4' title="bbox 381 4327 1691 4576">
     <span class='ocr_line' id='line_1_42' title="bbox 384 4327 1690 4421; baseline -0.007 -5"><span class='ocrx_word' id='word_1_441' title='bbox 384 4336 457 4390; x_wconf 77' lang='lat'><strong>3⁶⁸·</strong></span> <span class='ocrx_word' id='word_1_442' title='bbox 472 4327 515 4386; x_wconf 66' lang='lat' dir='ltr'><strong>Of·</strong></span> <span class='ocrx_word' id='word_1_443' title='bbox 532 4328 620 4387; x_wconf 69' lang='lat' dir='ltr'><strong>d⁰⁰l⁸</strong></span> <span class='ocrx_word' id='word_1_444' title='bbox 636 4328 706 4390; x_wconf 80' lang='lat' dir='ltr'><strong>diss.</strong></span> <span class='ocrx_word' id='word_1_445' title='bbox 729 4329 771 4392; x_wconf 67' lang='lat' dir='ltr'><strong>Sl·</strong></span> <span class='ocrx_word' id='word_1_446' title='bbox 794 4327 1023 4387; x_wconf 67' lang='lat' dir='ltr'><strong>sieiewietz</strong></span> <span class='ocrx_word' id='word_1_447' title='bbox 1050 4357 1259 4410; x_wconf 65' lang='lat' dir='ltr'><strong>surmont</strong></span> <span class='ocrx_word' id='word_1_448' title='bbox 1280 4356 1352 4421; x_wconf 75' lang='lat' dir='ltr'><strong>vlu,</strong></span> <span class='ocrx_word' id='word_1_449' title='bbox 1367 4359 1522 4417; x_wconf 66' lang='lat' dir='ltr'><strong>rvr-err:</strong></span> <span class='ocrx_word' id='word_1_450' title='bbox 1540 4361 1690 4413; x_wconf 77' lang='lat' dir='ltr'><strong>eos-sos.</strong></span> 
     </span>
     <span class='ocr_line' id='line_1_43' title="bbox 383 4415 1691 4497; baseline 0.005 -23"><span class='ocrx_word' id='word_1_451' title='bbox 383 4416 486 4481; x_wconf 80' lang='lat' dir='ltr'><strong>Gesclr.</strong></span> <span class='ocrx_word' id='word_1_452' title='bbox 511 4417 563 4475; x_wconf 91' lang='lat' dir='ltr'><strong>der</strong></span> <span class='ocrx_word' id='word_1_453' title='bbox 586 4416 672 4477; x_wconf 87' lang='lat' dir='ltr'><strong>Pach.</strong></span> <span class='ocrx_word' id='word_1_454' title='bbox 697 4419 817 4477; x_wconf 80' lang='lat' dir='ltr'><strong>Kldster</strong></span> <span class='ocrx_word' id='word_1_455' title='bbox 839 4416 926 4477; x_wconf 77' lang='lat' dir='ltr'><strong>Arcls</strong></span> <span class='ocrx_word' id='word_1_456' title='bbox 949 4416 968 4474; x_wconf 84' lang='lat' dir='ltr'><strong>l.</strong></span> <span class='ocrx_word' id='word_1_457' title='bbox 993 4415 1022 4477; x_wconf 83' lang='lat' dir='ltr'><strong>lr.</strong></span> <span class='ocrx_word' id='word_1_458' title='bbox 1054 4463 1080 4471; x_wconf 79' lang='lat'>-</span> <span class='ocrx_word' id='word_1_459' title='bbox 1098 4427 1138 4481; x_wconf 90' lang='lat' dir='ltr'><strong>De</strong></span> <span class='ocrx_word' id='word_1_460' title='bbox 1151 4428 1209 4481; x_wconf 83' lang='lat' dir='ltr'><strong>alio</strong></span> <span class='ocrx_word' id='word_1_461' title='bbox 1224 4428 1348 4497; x_wconf 87' lang='lat' dir='ltr'><strong>quodam</strong></span> <span class='ocrx_word' id='word_1_462' title='bbox 1363 4429 1527 4483; x_wconf 82' lang='lat' dir='ltr'><strong>Macerio</strong></span> <span class='ocrx_word' id='word_1_463' title='bbox 1550 4427 1691 4482; x_wconf 87' lang='lat' dir='ltr'><strong>monacho</strong></span> 
     </span>
     <span class='ocr_line' id='line_1_44' title="bbox 381 4499 1691 4576; baseline -0.008 -16"><span class='ocrx_word' id='word_1_464' title='bbox 381 4504 535 4564; x_wconf 78' lang='lat' dir='ltr'><strong>Xi1chenr.</strong></span> <span class='ocrx_word' id='word_1_465' title='bbox 550 4505 675 4576; x_wconf 80' lang='lat' dir='ltr'><strong>LXXXI,</strong></span> <span class='ocrx_word' id='word_1_466' title='bbox 693 4517 751 4570; x_wconf 77' lang='grc'><strong>46]</strong></span> <span class='ocrx_word' id='word_1_467' title='bbox 773 4525 812 4566; x_wconf 74' lang='lat' dir='ltr'><strong>ss,</strong></span> <span class='ocrx_word' id='word_1_468' title='bbox 1049 4499 1346 4554; x_wconf 72' lang='lat' dir='ltr'><strong>referttlennndius</strong></span> <span class='ocrx_word' id='word_1_469' title='bbox 1359 4508 1434 4557; x_wconf 79' lang='lat' dir='ltr'><strong>c.‘28:</strong></span> <span class='ocrx_word' id='word_1_470' title='bbox 1444 4499 1691 4569; x_wconf 85' lang='lat' dir='ltr'><strong>,scripsitinurbe</strong></span> 
     </span>
    </p>
   </div>
   <div class='ocr_carea' id='block_1_5' title="bbox 431 4566 1691 4657">
    <p class='ocr_par' dir='ltr' id='par_1_5' title="bbox 431 4566 1691 4657">
     <span class='ocr_line' id='line_1_45' title="bbox 431 4566 1691 4657; baseline -0.017 -15"><span class='ocrx_word' id='word_1_471' title='bbox 431 4604 502 4657; x_wconf 70' lang='lat'><strong>124,</strong></span> <span class='ocrx_word' id='word_1_472' title='bbox 525 4596 696 4655; x_wconf 60' lang='lat' dir='ltr'><strong>sanctitatis</strong></span> <span class='ocrx_word' id='word_1_473' title='bbox 719 4596 796 4655; x_wconf 59' lang='lat' dir='ltr'><strong>fama</strong></span> <span class='ocrx_word' id='word_1_474' title='bbox 819 4596 1025 4656; x_wconf 59' lang='lat' dir='ltr'><strong>inclaruerunt</strong></span> <span class='ocrx_word' id='word_1_475' title='bbox 1050 4571 1140 4624; x_wconf 85' lang='lat' dir='ltr'><strong>Roma</strong></span> <span class='ocrx_word' id='word_1_476' title='bbox 1153 4571 1289 4625; x_wconf 84' lang='lat' dir='ltr'><strong>adversus</strong></span> <span class='ocrx_word' id='word_1_477' title='bbox 1309 4572 1525 4625; x_wconf 82' lang='lat' dir='ltr'><strong>mathematicos</strong></span> <span class='ocrx_word' id='word_1_478' title='bbox 1543 4571 1640 4633; x_wconf 84' lang='lat' dir='ltr'><strong>libros,</strong></span> <span class='ocrx_word' id='word_1_479' title='bbox 1659 4566 1691 4621; x_wconf 91' lang='lat' dir='ltr'><strong>in</strong></span> 
     </span>
    </p>
   </div>
   <div class='ocr_carea' id='block_1_6' title="bbox 383 4639 1691 4783">
    <p class='ocr_par' dir='ltr' id='par_1_6' title="bbox 383 4639 1691 4783">
     <span class='ocr_line' id='line_1_46' title="bbox 383 4639 1691 4761; baseline -0.003 -65"><span class='ocrx_word' id='word_1_480' title='bbox 383 4681 435 4742; x_wconf 51' lang='lat' dir='ltr'>ulii</span> <span class='ocrx_word' id='word_1_481' title='bbox 465 4682 526 4742; x_wconf 69' lang='lat' dir='ltr'><strong>duo</strong></span> <span class='ocrx_word' id='word_1_482' title='bbox 557 4702 571 4741; x_wconf 62' lang='lat' dir='ltr'>s</span> <span class='ocrx_word' id='word_1_483' title='bbox 605 4684 730 4743; x_wconf 58' lang='lat' dir='ltr'><strong>Antonii</strong></span> <span class='ocrx_word' id='word_1_484' title='bbox 753 4686 895 4761; x_wconf 59' lang='lat' dir='ltr'><strong>discipuli</strong></span> <span class='ocrx_word' id='word_1_485' title='bbox 936 4687 1023 4745; x_wconf 63' lang='lat' dir='ltr'><strong>umbo</strong></span> <span class='ocrx_word' id='word_1_486' title='bbox 1051 4660 1108 4723; x_wconf 82' lang='lat' dir='ltr'><strong>quo</strong></span> <span class='ocrx_word' id='word_1_487' title='bbox 1121 4642 1217 4695; x_wconf 84' lang='lat' dir='ltr'><strong>labore</strong></span> <span class='ocrx_word' id='word_1_488' title='bbox 1229 4642 1419 4697; x_wconf 81' lang='lat' dir='ltr'><strong>Orientalium</strong></span> <span class='ocrx_word' id='word_1_489' title='bbox 1433 4642 1576 4724; x_wconf 81' lang='lat' dir='ltr'><strong>quaesivit</strong></span> <span class='ocrx_word' id='word_1_490' title='bbox 1588 4639 1691 4695; x_wconf 84' lang='lat' dir='ltr'><strong>solatia</strong></span> 
     </span>
     <span class='ocr_line' id='line_1_47' title="bbox 573 4713 1691 4783; baseline -0.004 -14"><span class='ocrx_word' id='word_1_491' title='bbox 573 4730 580 4742; x_wconf 90' lang='lat'><strong>·</strong></span> <span class='ocrx_word' id='word_1_492' title='bbox 897 4730 904 4755; x_wconf 70' lang='lat'><em>2</em></span> <span class='ocrx_word' id='word_1_493' title='bbox 1051 4716 1288 4783; x_wconf 78' lang='lat' dir='ltr'><strong>scrrpturarum:·‘</strong></span> <span class='ocrx_word' id='word_1_494' title='bbox 1311 4715 1383 4769; x_wconf 90' lang='lat' dir='ltr'><strong>forte</strong></span> <span class='ocrx_word' id='word_1_495' title='bbox 1404 4730 1473 4783; x_wconf 83' lang='lat' dir='ltr'><strong>qura</strong></span> <span class='ocrx_word' id='word_1_496' title='bbox 1494 4713 1629 4767; x_wconf 79' lang='lat' dir='ltr'><strong>Rufinum</strong></span> <span class='ocrx_word' id='word_1_497' title='bbox 1648 4728 1691 4765; x_wconf 90' lang='lat' dir='ltr'><strong>ro·</strong></span> 
     </span>
    </p>
   </div>
   <div class='ocr_carea' id='block_1_7' title="bbox 382 4770 1691 4856">
    <p class='ocr_par' dir='ltr' id='par_1_7' title="bbox 382 4770 1691 4856">
     <span class='ocr_line' id='line_1_48' title="bbox 382 4770 1691 4856; baseline 0.005 -27"><span class='ocrx_word' id='word_1_498' title='bbox 382 4770 544 4831; x_wconf 75' lang='lat' dir='ltr'><strong>Macarii</strong></span> <span class='ocrx_word' id='word_1_499' title='bbox 573 4790 680 4832; x_wconf 92' lang='lat' dir='ltr'><strong>nomen</strong></span> <span class='ocrx_word' id='word_1_500' title='bbox 711 4778 864 4851; x_wconf 81' lang='lat' dir='ltr'><strong>gerentes,</strong></span> <span class='ocrx_word' id='word_1_501' title='bbox 896 4795 1023 4851; x_wconf 88' lang='lat' dir='ltr'><strong>quorum</strong></span> <span class='ocrx_word' id='word_1_502' title='bbox 1050 4784 1140 4855; x_wconf 84' lang='lat' dir='ltr'><strong>gavit,</strong></span> <span class='ocrx_word' id='word_1_503' title='bbox 1148 4788 1308 4841; x_wconf 85' lang='lat' dir='ltr'><strong>atverteret</strong></span> <span class='ocrx_word' id='word_1_504' title='bbox 1317 4786 1461 4856; x_wconf 85' lang='lat' dir='ltr'><strong>Pamphili</strong></span> <span class='ocrx_word' id='word_1_505' title='bbox 1471 4784 1691 4855; x_wconf 66' lang='lat' dir='ltr'><strong>apologeticum</strong></span> 
     </span>
    </p>
   </div>
   <div class='ocr_carea' id='block_1_8' title="bbox 382 4854 1692 4940">
    <p class='ocr_par' dir='ltr' id='par_1_8' title="bbox 382 4854 1692 4940">
     <span class='ocr_line' id='line_1_49' title="bbox 382 4854 1692 4940; baseline 0.002 -21"><span class='ocrx_word' id='word_1_506' title='bbox 382 4878 472 4931; x_wconf 88' lang='lat' dir='ltr'><strong>unus,</strong></span> <span class='ocrx_word' id='word_1_507' title='bbox 488 4864 524 4919; x_wconf 93' lang='lat' dir='ltr'><strong>ut</strong></span> <span class='ocrx_word' id='word_1_508' title='bbox 538 4861 576 4921; x_wconf 88' lang='lat' dir='ltr'><strong>ab</strong></span> <span class='ocrx_word' id='word_1_509' title='bbox 591 4861 904 4940; x_wconf 88' lang='lat' dir='ltr'><strong>alterodistinguatur,</strong></span> <span class='ocrx_word' id='word_1_510' title='bbox 925 4865 1022 4923; x_wconf 88' lang='lat' dir='ltr'><strong>dictus</strong></span> <span class='ocrx_word' id='word_1_511' title='bbox 1051 4855 1311 4928; x_wconf 64' lang='lat' dir='ltr'><strong>0i01ig⁰111³01&gt;¹¹⁸</strong></span> <span class='ocrx_word' id='word_1_512' title='bbox 1330 4859 1364 4911; x_wconf 61' lang='grc' dir='ltr'><strong>ὅθ</strong></span> <span class='ocrx_word' id='word_1_513' title='bbox 1379 4856 1538 4927; x_wconf 61' lang='grc' dir='ltr'><strong>Ρῐῑῦθίρῆθι</strong></span> <span class='ocrx_word' id='word_1_514' title='bbox 1561 4871 1618 4923; x_wconf 93' lang='lat' dir='ltr'><strong>quo</strong></span> <span class='ocrx_word' id='word_1_515' title='bbox 1631 4854 1692 4909; x_wconf 60' lang='grc' dir='ltr'><strong>ΗΓΒ</strong></span> 
     </span>
    </p>
   </div>
   <div class='ocr_carea' id='block_1_9' title="bbox 383 4928 1694 5069">
    <p class='ocr_par' dir='ltr' id='par_1_9' title="bbox 383 4928 1694 5069">
     <span class='ocr_line' id='line_1_50' title="bbox 383 4928 1694 5052; baseline -0.024 -45"><span class='ocrx_word' id='word_1_516' title='bbox 383 4950 674 5027; x_wconf 79' lang='lat' dir='ltr'><strong>estAegyptiu8‚</strong></span> <span class='ocrx_word' id='word_1_517' title='bbox 692 4952 843 5024; x_wconf 85' lang='lat' dir='ltr'><strong>Senior,</strong></span> <span class='ocrx_word' id='word_1_518' title='bbox 860 4956 891 5011; x_wconf 91' lang='lat' dir='ltr'><strong>et</strong></span> <span class='ocrx_word' id='word_1_519' title='bbox 906 4953 978 5027; x_wconf 89' lang='lat' dir='ltr'><strong>quia</strong></span> <span class='ocrx_word' id='word_1_520' title='bbox 991 4953 1023 5011; x_wconf 89' lang='lat' dir='ltr'><strong>in</strong></span> <span class='ocrx_word' id='word_1_521' title='bbox 1051 4931 1181 5052; x_wconf 49' lang='lat' dir='ltr'><strong>{leretur</strong></span> <span class='ocrx_word' id='word_1_522' title='bbox 1205 4929 1242 4981; x_wconf 85' lang='lat' dir='ltr'><strong>ad</strong></span> <span class='ocrx_word' id='word_1_523' title='bbox 1268 4946 1352 4981; x_wconf 85' lang='lat' dir='ltr'><strong>suurn</strong></span> <span class='ocrx_word' id='word_1_524' title='bbox 1377 4946 1504 5009; x_wconf 78' lang='lat' dir='ltr'><strong>scopum,</strong></span> <span class='ocrx_word' id='word_1_525' title='bbox 1536 4930 1570 4981; x_wconf 85' lang='lat' dir='ltr'><strong>ut</strong></span> <span class='ocrx_word' id='word_1_526' title='bbox 1593 4928 1694 5005; x_wconf 73' lang='lat' dir='ltr'><strong>narret</strong></span> 
     </span>
     <span class='ocr_line' id='line_1_51' title="bbox 1082 4999 1692 5069; baseline -0.008 -16"><span class='ocrx_word' id='word_1_527' title='bbox 1082 5016 1102 5053; x_wconf 92' lang='lat' dir='ltr'><strong>u</strong></span> <span class='ocrx_word' id='word_1_528' title='bbox 1111 4999 1125 5052; x_wconf 82' lang='lat' dir='ltr'><strong>t</strong></span> <span class='ocrx_word' id='word_1_529' title='bbox 1130 5018 1139 5052; x_wconf 92' lang='lat'>1</span> <span class='ocrx_word' id='word_1_530' title='bbox 1148 5017 1167 5051; x_wconf 91' lang='lat' dir='ltr'><strong>n</strong></span> <span class='ocrx_word' id='word_1_531' title='bbox 1176 5018 1215 5053; x_wconf 89' lang='lat' dir='ltr'><strong>us</strong></span> <span class='ocrx_word' id='word_1_532' title='bbox 1229 5000 1311 5069; x_wconf 84' lang='lat' dir='ltr'><strong>Apol.</strong></span> <span class='ocrx_word' id='word_1_533' title='bbox 1320 5000 1340 5059; x_wconf 86' lang='grc' dir='ltr'><strong>Ι.</strong></span> <span class='ocrx_word' id='word_1_534' title='bbox 1352 5008 1391 5055; x_wconf 83' lang='grc'><strong>11.</strong></span> <span class='ocrx_word' id='word_1_535' title='bbox 1403 5017 1528 5067; x_wconf 81' lang='lat' dir='ltr'><strong>quicum</strong></span> <span class='ocrx_word' id='word_1_536' title='bbox 1542 5000 1692 5059; x_wconf 85' lang='lat' dir='ltr'><strong>vocat,v1-</strong></span> 
     </span>
    </p>
   </div>
   <div class='ocr_carea' id='block_1_10' title="bbox 378 5040 1693 5212">
    <p class='ocr_par' dir='ltr' id='par_1_10' title="bbox 378 5040 1693 5212">
     <span class='ocr_line' id='line_1_52' title="bbox 378 5040 1693 5136; baseline 0.005 -21"><span class='ocrx_word' id='word_1_537' title='bbox 378 5040 509 5113; x_wconf 63' lang='lat' dir='ltr'><strong>imnssi</strong></span> <span class='ocrx_word' id='word_1_538' title='bbox 523 5042 621 5099; x_wconf 58' lang='lat' dir='ltr'><strong>”ime</strong></span> <span class='ocrx_word' id='word_1_539' title='bbox 637 5041 718 5099; x_wconf 57' lang='lat' dir='ltr'>⁸⁸¹¹ss</span> <span class='ocrx_word' id='word_1_540' title='bbox 734 5042 937 5101; x_wconf 48' lang='lat' dir='ltr'><strong>mammem</strong></span> <span class='ocrx_word' id='word_1_541' title='bbox 953 5060 1024 5117; x_wconf 70' lang='lat' dir='ltr'><strong>l’rae</strong></span> <span class='ocrx_word' id='word_1_542' title='bbox 1050 5088 1085 5124; x_wconf 91' lang='lat' dir='ltr'><strong>ru</strong></span> <span class='ocrx_word' id='word_1_543' title='bbox 1096 5090 1115 5123; x_wconf 92' lang='lat' dir='ltr'><strong>n</strong></span> <span class='ocrx_word' id='word_1_544' title='bbox 1129 5072 1192 5133; x_wconf 91' lang='lat' dir='ltr'><strong>fide,</strong></span> <span class='ocrx_word' id='word_1_545' title='bbox 1206 5069 1375 5135; x_wconf 89' lang='lat' dir='ltr'><strong>eruditione,</strong></span> <span class='ocrx_word' id='word_1_546' title='bbox 1389 5072 1549 5136; x_wconf 84' lang='lat' dir='ltr'><strong>nobilitate,</strong></span> <span class='ocrx_word' id='word_1_547' title='bbox 1565 5070 1624 5124; x_wconf 86' lang='lat' dir='ltr'><strong>vita</strong></span> <span class='ocrx_word' id='word_1_548' title='bbox 1637 5067 1693 5122; x_wconf 83' lang='lat' dir='ltr'><strong>cla-</strong></span> 
     </span>
     <span class='ocr_line' id='line_1_53' title="bbox 384 5128 1140 5212; baseline 0.016 -27"><span class='ocrx_word' id='word_1_549' title='bbox 384 5144 416 5186; x_wconf 88' lang='lat' dir='ltr'><strong>se</strong></span> <span class='ocrx_word' id='word_1_550' title='bbox 431 5128 797 5212; x_wconf 63' lang='lat' dir='ltr'><strong>ferebatueubuprcrtpesv.</strong></span> <span class='ocrx_word' id='word_1_551' title='bbox 819 5133 922 5190; x_wconf 80' lang='lat' dir='ltr'><strong>Annos</strong></span> <span class='ocrx_word' id='word_1_552' title='bbox 933 5136 1023 5191; x_wconf 91' lang='lat' dir='ltr'><strong>natus</strong></span> <span class='ocrx_word' id='word_1_553' title='bbox 1051 5156 1140 5196; x_wconf 66' lang='lat' dir='ltr'><strong>rums·</strong></span> 
     </span>
    </p>
   </div>
   <div class='ocr_carea' id='block_1_11' title="bbox 491 5236 1532 5295">
    <p class='ocr_par' dir='ltr' id='par_1_11' title="bbox 491 5236 1532 5295">
     <span class='ocr_line' id='line_1_54' title="bbox 491 5236 1532 5295; baseline 0.003 -12"><span class='ocrx_word' id='word_1_554' title='bbox 491 5236 586 5295; x_wconf 83' lang='lat' dir='ltr'><strong>liarter,</strong></span> <span class='ocrx_word' id='word_1_555' title='bbox 600 5237 764 5287; x_wconf 86' lang='lat' dir='ltr'><strong>Nomenclator</strong></span> <span class='ocrx_word' id='word_1_556' title='bbox 777 5240 787 5285; x_wconf 96' lang='lat' dir='ltr'><strong>l</strong></span> <span class='ocrx_word' id='word_1_557' title='bbox 800 5240 836 5285; x_wconf 88' lang='lat' dir='ltr'><strong>ed.</strong></span> <span class='ocrx_word' id='word_1_558' title='bbox 851 5238 891 5285; x_wconf 94' lang='lat' dir='ltr'><strong>lll.</strong></span> <span class='ocrx_word' id='word_1_559' title='bbox 1515 5239 1532 5286; x_wconf 90' lang='lat'>8</span> 
     </span>
    </p>
   </div>
   <div class='ocr_carea' id='block_1_12' title="bbox 0 0 2185 5924">
    <p class='ocr_par' dir='ltr' id='par_1_12' title="bbox 0 0 2185 5924">
     <span class='ocr_line' id='line_1_55' title="bbox 0 0 2185 5924; baseline 0 0"><span class='ocrx_word' id='word_1_560' title='bbox 0 0 2185 5924; x_wconf 95' lang='lat' dir='ltr'><strong> </strong></span> 
     </span>
    </p>
   </div>
  </div>
 </body>
</html>
